5016 6294
490 667 563 746 186
616 659 751 731 LlBEll
764 621 1009 729 SECUNDUS.
1038 652 1373 726 INSCRIPTIONES
1389 648 1671 719 PHOENlClAE.
1703 648 1852 717 CAPUT
1868 646 2071 716 SEXTUM.

489 852 725 918 Humbertiano
763 850 824 913 hoc
859 871 923 913 non
964 850 1008 910 ita
1042 835 1176 910 multum
1214 843 1347 922 differt,
1392 843 1536 928 adeoque
1573 840 1699 906 duobus
1735 841 1769 905 in
1805 837 1886 904 locis
1920 835 2114 924 autographi

465 969 681 1049 scripturam
711 963 836 1046 plenius
866 959 999 1026 exhibet
1027 956 1105 1041 (lin.
1128 965 1148 1021 2
1177 979 1209 1020 v.
1232 976 1255 1026 a
1282 959 1315 1020 in
1340 973 1483 1034 anuas,
1520 969 1554 1020 et
1580 955 1752 1040 praecipue
1777 950 1837 1017 lia.
1863 958 1903 1031 6,
1931 949 1990 1016 nbi
2010 947 2115 1016 solum

491 1077 554 1144 hoc
576 1075 757 1162 exemplum
781 1073 906 1162 plenam
925 1074 1114 1158 scripturam
1131 1073 1237 1160 qul-tt:
1254 1074 1427 1165 servavit).
1471 1065 1517 1134 Ut
1533 1070 1637 1132 dicam
1652 1066 1735 1153 quod
1753 1067 1876 1144 sentio,
1899 1062 2116 1139 Hamalrerns,

493 1203 658 1276 postquam
682 1189 901 1273 interpretatio
925 1199 1045 1249 tentata
1069 1184 1131 1249 ribi
1156 1186 1218 1268 ipsi
1238 1182 1407 1269 displicere
1430 1195 1596 1268 coeperat,
1630 1177 1741 1266 paullo
1763 1179 1913 1242 iniustius
1936 1175 2060 1261 culpam
2082 1177 2116 1238 in

489 1300 710 1389 apographum
740 1298 819 1365 illud
849 1299 1047 1386 Borgianum
1072 1295 1246 1362 contulisse
1269 1298 1403 1361 videtur.
1447 1295 1562 1360 Mutua
1584 1297 1679 1358 etiam
1702 1293 1869 1377 utriusque
1891 1285 2032 1372 exempli
2054 1284 2120 1350 alia

493 1435 564 1478 esse
591 1413 687 1477 debet
717 1427 811 1498 atque
840 1435 897 1491 ea,
936 1432 1031 1498 quam
1060 1409 1265 1474 Hamalrerns
1288 1410 1460 1488 indicavit,
1499 1430 1594 1494 quum
1624 1410 1713 1493 prius
1734 1402 1934 1490 Borgianum
1955 1396 2119 1484 exemplar

493 1526 618 1591 duobus
646 1528 678 1590 in
709 1523 789 1590 locis
818 1509 946 1610 plenius
978 1525 1038 1586 sit:
1075 1537 1107 1586 et
1137 1525 1245 1586 nescio
1272 1544 1312 1586 an
1345 1521 1406 1586 hoc
1435 1543 1476 1586 ex
1499 1519 1563 1584 alia
1586 1521 1720 1606 quadam
1744 1515 1883 1602 Bergine
1905 1515 2119 1597 descriptione

492 1640 647 1725 (quarum
670 1638 806 1702 fortasse
828 1635 935 1722 plures
957 1636 1096 1719 lecerat)
1119 1634 1261 1698 duxerit.
1306 1632 1454 1721 Utroque
1476 1649 1581 1698 autem
1606 1631 1703 1718 longe
1718 1627 1842 1717 plenius
1860 1643 1892 1696 et
1906 1627 2119 1712 praestantius

495 1766 545 1816 est
573 1752 806 1836 Templianum,
838 1749 920 1813 haud
945 1770 1043 1834 pauca
1065 1747 1243 1824 exhibens,
1273 1769 1353 1832 qnae
1376 1747 1515 1834 Borgiae
1538 1747 1638 1809 aciem
1661 1765 1794 1830 prorsus
1817 1741 2008 1826 effugerant,
2033 1733 2120 1800 velut

496 1862 529 1950 l)
559 1877 692 1949 puncta,
730 1863 845 1949 quibus
876 1860 1002 1948 singula
1031 1859 1187 1925 vocabula
1218 1863 1426 1936 dirimuntur3
1462 1865 1495 1942 2)
1518 1881 1631 1922 versus
1653 1863 1682 1923 5.
1707 1862 1736 1921 6.
1759 1860 1801 1934 ⁷,
1837 1855 1946 1940 quiin
1971 1845 2118 1933 exemplo

483 1973 658 2061 ,Borgiano
682 1973 727 2038 nil
748 1977 810 2039 nisi
832 1974 962 2039 lacunas
985 1973 1105 2064 habeat
1126 1989 1157 2035 et
1178 1972 1243 2058 legi
1265 1970 1357 2058 plane
1381 1995 1444 2036 non
1465 1987 1633 2057 poterunt,
1665 1967 1793 2056 plenius
1815 1963 1931 2040 lectos3
1964 1963 1997 2047 3)
2021 1963 2117 2026 etiam

496 2090 529 2151 iu
556 2101 727 2156 ¹stemmate
757 2087 910 2162 nonnulla
940 2087 1037 2152 rerba
1066 2085 1195 2173 plenius
1225 2083 1307 2148 lecta
1335 2108 1366 2151 v.
1398 2110 1424 2150 c.
1452 2085 1508 2149 lin.
1534 2092 1553 2148 2
1576 2099 1657 2148 extr.
1683 2096 1863 2172 napuras,
1897 2078 1977 2164 quod
2002 2094 2118 2138 conten

497 2198 618 2286 Borgia
650 2203 788 2287 quinque
817 2197 934 2264 litteris
964 2223 1020 2286 pro
1051 2215 1173 2284 septem
1201 2199 1324 2264 scribit.
1389 2197 1580 2282 Quanquam
1617 2211 1728 2260 contra
1760 2197 1855 2258 etiam
1893 2187 2119 2276 Templianum

497 2311 680 2398 exemplum
705 2336 745 2378 ex
769 2311 888 2400 Borgia
913 2315 1075 2376 errremluri
1100 2324 1221 2398 potest,
1245 2333 1274 2376 v.
1289 2335 1316 2375 c.
1339 2310 1428 2380 lin.l
1454 2309 1508 2375 ubi
1524 2309 1691 2395 Templius
1707 2311 1794 2378 {aba
1811 2304 1908 2370 habet
1926 2325 1983 2391 pro
1998 2304 2119 2375 nisan,

496 2424 553 2489 lin.
568 2431 604 2503 3,
638 2426 693 2490 ubi
714 2429 797 2490 idem
820 2445 899 2511 quota
923 2448 979 2512 pro
1003 2443 1086 2504 nra,
1114 2425 1170 2490 lin.
1188 2432 1208 2490 7
1217 2429 1227 2506 “,
1252 2425 1307 2489 ubi
1331 2423 1451 2511 Borgia
1473 2425 1638 2510 perspicue
1662 2422 1760 2486 hahet
1782 2423 1865 2492 boun
1889 2431 1950 2482 cet.
1994 2411 2120 2478 Textus

419 2559 425 2566 ·
497 2541 658 2624 igiturex
683 2553 816 2624 utroque
839 2537 895 2602 illo
919 2537 1337 2624 exemplodiligentissime
1360 2541 1446 2600 inter
1468 2558 1502 2600 se
1526 2533 1642 2600 collato
1665 2548 1695 2596 et
1717 2534 1768 2597 hic
1786 2532 1852 2598 illic
1867 2529 2010 2594 alhibita
2024 2527 2121 2589 etiam

499 2649 605 2736 libyca
626 2652 834 2735 inscriptione
857 2653 949 2738 (vide
972 2631 1060 2738 isal)
1081 2652 1320 2717 constituendus
1343 2665 1410 2728 est,
1444 2672 1507 2736 quo
1529 2651 1561 2712 in
1585 2649 1716 2736 negotio
1737 2650 1782 2710 ita
1804 2659 1950 2708 uersatus
1971 2660 2062 2715 sum,
2086 2649 2122 2699 ut

465 2743 466 2746 Ἴ
498 2763 680 2850 exeurplum
710 2761 935 2850 Templianum
967 2787 1023 2850 pro
1053 2765 1261 2830 fundamento
1289 2785 1441 2848 ponerem
1471 2776 1503 2827 at
1531 2783 1572 2825 ex
1596 2760 1652 2826 illo
1676 2760 1812 2825 subinde
1834 2769 1866 2820 et
1886 2749 2067 2840 supplerem
2089 2762 2123 2812 et

499 2878 714 2940 emendarem.
774 2875 847 2953 Qua
878 2875 917 2940 de
946 2899 981 2941 re
1012 2892 1048 2941 ut
1076 2881 1137 2962 ipsi
1165 2876 1302 2940 lectores
1331 2877 1474 2940 iudicare
1504 2877 1647 2960 possint,
1666 2863 1722 2938 ‘in
1757 2871 1820 2936 tab.
1852 2875 1893 2934 20
1923 2882 1957 2931 et
1987 2863 2122 2951 Borgia·

500 2987 770 3052 Humbertianum
801 2987 881 3072 (litt.
905 2987 953 3072 A)
983 3005 1015 3052 et
1042 2987 1266 3076 'l'atupliamrm
1298 2985 1377 3072 (litt.
1400 2985 1447 3071 B)
1477 2986 1659 3072 exerttplum
1687 2984 1839 3060 exhibui,
1878 2981 1992 3070 quibus
2014 2977 2123 3066 addidi

500 3102 629 3164 tertium
658 3124 678 3164 a
707 3121 758 3163 me
788 3102 990 3165 ernendaturu
1013 3115 1050 3165 et
1069 3099 1266 3186 stuppletum:
1296 3122 1358 3185 quo
1382 3121 1506 3164 mecum
1529 3113 1658 3163 utantur
1680 3101 1742 3163 viri
1764 3099 1866 3176 docti,
1894 3097 1997 3160 donec
2019 3091 2122 3178 ipsius

500 3226 647 3297 ectypum
672 3213 711 3276 ad
735 3234 792 3277 nos
815 3217 1018 3298 pervenerit,
1055 3216 1144 3278 cuius
1174 3216 1221 3277 rei
1249 3235 1322 3300 spes
1354 3211 1433 3276 mihi
1463 3215 1496 3276 in
1520 3210 1640 3299 Anglia
1663 3212 1748 3296 facta
1769 3226 1818 3275 est
1840 3213 1986 3296 quodque
2008 3204 2121 3290 cupide

500 3340 670 3410 exspecto,
707 3346 770 3388 non
810 3327 982 3411 desperans
1018 3325 1107 3406 lore,
1147 3341 1181 3390 ut
1216 3323 1269 3389 vel
1297 3347 1362 3390 una
1396 3323 1446 3388 vel
1478 3323 1580 3389 altera
1608 3327 1861 3390 coniecturarum
1894 3339 2036 3387 mearum
2064 3313 2121 3382 illo

499 3441 643 3522 inspecto
666 3435 883 3502 confirmetur.
1436 3437 1439 3440 ’

627 3599 681 3666 Ad
710 3600 991 3686 palaeographiam
1019 3603 1104 3688 quod
1134 3603 1271 3680 attinet,
1315 3600 1423 3687 plures
1451 3599 1603 3680 litterae,
1646 3600 1828 3688 ubicunque
1857 3618 2050 3684 occurrunt,
2086 3609 2119 3669 in

499 3712 642 3800 Templii
677 3713 825 3798 exemplo
861 3712 953 3777 aliter
981 3718 1166 3801 ‘pinguntur
1204 3729 1298 3800 atque
1335 3717 1369 3778 iu
1404 3712 1597 3799 Borgiano,
1649 3713 1736 3778 relat
1779 3714 1839 3782 Tel
1877 3718 1964 3781 imus
2001 3716 2121 3804 duplici

498 3827 604 3916 figura
626 3841 792 3905 ornatum,
820 3825 888 3890 Jod
915 3829 1018 3890 maius
1047 3840 1080 3890 et
1103 3841 1220 3914 puncto
1249 3829 1424 3906 ntunitum,
1461 3807 1547 3893 But
1580 3841 1613 3892 et
1641 3826 1750 3892 Recole
1778 3849 1841 3892 non
1871 3830 2061 3915 imperfecta
2089 3843 2122 3895 et

500 3962 520 4004 a
558 3941 674 4004 dextra
707 3953 839 4023 aperta,
883 3939 939 4002 sed
973 3937 1069 4003 lineis
1104 3941 1185 4004 adeo
1225 3939 1481 4020 abundantibus,
1528 3939 1656 4004 Lumerl
1688 3955 1721 4004 et
1759 3940 1828 4006 Tau
1860 3963 2001 4030 superne
2037 3964 2119 4008 unco

500 4055 659 4119 munitum
692 4054 748 4136 (ut
775 4051 808 4114 in
841 4051 902 4116 Cit.
927 4059 945 4114 2
976 4049 1034 4117 lin.
1053 4059 1088 4124 2.
1113 4052 1165 4148 3).
1211 4053 1274 4116 Sed
1303 4055 1399 4117 etiam
1430 4051 1490 4116 hac
1519 4053 1551 4116 in
1577 4075 1612 4116 re
1635 4051 1818 4140 Templiani
1843 4054 1999 4142 exempli,
2029 4060 2119 4122 cuius

499 4165 624 4252 figurae
649 4167 682 4228 in
707 4167 890 4227 arniversuru
913 4162 1076 4249 pleniores
1098 4179 1187 4243 suut,
1218 4167 1320 4228 maior
1341 4165 1424 4250 apud
1448 4187 1498 4228 me
1522 4163 1604 4230 fides
1627 4151 1693 4245 est,
1725 4190 1819 4253 quam
1835 4165 1999 4255 Bargiani‚
2023 4191 2120 4255 quum
2193 4141 2196 4146 Ι

500 4281 579 4345 satis
601 4273 766 4363 probabile
786 4277 844 4354 sit,
879 4276 962 4370 hanc
982 4275 1112 4342 illamve
1133 4275 1251 4342 lineam
1274 4275 1414 4362 Rorglae
1435 4281 1538 4342 aciem
1560 4279 1731 4366 effugisse,
1769 4295 1879 4345 contra
1900 4283 2034 4369 cogitari
2055 4305 2118 4348 non

498 4393 618 4478 possit,
646 4387 830 4474 Templinm
853 4389 912 4470 (de
935 4393 1026 4454 cuius
1046 4388 1214 4476 diligentia
1237 4403 1270 4453 et
1290 4388 1354 4454 lide
1376 4393 1472 4456 etiam
1494 4389 1624 4457 aliunde
1646 4395 1790 4478 constat)
1820 4393 1916 4460 huius
1944 4397 2120 4482 scripturae

499 4527 563 4570 non
595 4505 731 4590 peritum
760 4499 881 4587 aliquid
910 4521 952 4566 ex
980 4506 1112 4590 ingenio
1141 4503 1314 4567 addidisse.
1365 4502 1536 4569 Praeterea
1564 4507 1599 4570 in
1629 4505 1700 4572 aliis
1727 4505 1825 4572 rebus
1857 4509 1996 4574 eximius
2025 4522 2120 4596 atque

497 4637 670 4706 laudabilis
691 4651 740 4702 est
769 4638 933 4722 utriusque
964 4637 1103 4726 exempli
1133 4659 1318 4703 consensus.
1368 4635 1560 4728 Ubicunque
1582 4643 1668 4707 enim
1690 4645 1723 4706 ia
1746 4665 1810 4706 uno
1830 4641 1983 4708 scribitur
2002 4625 2118 4744 W,

498 4809 592 4872 etiam
624 4809 657 4871 in
688 4806 789 4873 altero
818 4809 863 4870 ita
885 4807 1061 4893 reperitur,
1098 4805 1279 4893 ubicunque
1309 4805 1429 4898 Borgia
1458 4777 1569 4876 habet*
1595 4783 1682 4930 ⁸7,
1721 4810 1808 4880 idem
1829 4809 1913 4896 apud
1935 4807 2120 4894 Templiutn

497 4979 622 5046 qnoque
656 4961 818 5026 invenias:
856 4981 918 5045 qua
952 4979 987 5022 re
1018 4971 1050 5022 et
1080 4955 1231 5026 lectionis
1261 4976 1293 5027 et
1322 4964 1594 5049 interpretationis
1629 4959 1711 5026 fides
1742 4963 1895 5026 maiorem
1925 4963 1959 5025 in
1988 4962 2119 5029 modum

497 5069 715 5138 confirmatur.

620 5231 672 5298 De
701 5238 905 5326 singulorum
931 5236 1118 5303 litterarum
1144 5247 1315 5324 potestate
1345 5233 1544 5318 definienda,
1581 5237 1668 5302 eade
1697 5243 1799 5304 oanis
1828 5239 1990 5326 dependet
2011 5247 2119 5322 iuter-

489 5353 657 5433 preluts'n,
694 5350 768 5435 qnid
798 5347 892 5420 nobis
926 5351 1091 5429 videatur,
1121 5352 1154 5414 in
1178 5347 1315 5435 duplici,
1347 5372 1440 5437 quam
1463 5349 1527 5416 tab.
1553 5354 1593 5416 20
1615 5351 1779 5432 dedimus,
1806 5351 1985 5420 litterarum
2009 5353 2118 5419 tabula
