5016 6294
709 623 1049 692 tn'scttlmton'es
1072 622 1473 695 CARTHAGINENSES
1503 627 1632 698 l-lV.
1897 641 1969 716 169

341 810 555 880 salutabatur.
600 809 771 897 Templum
793 809 871 878 illud
890 809 987 900 longe
1010 815 1270 902 augustissimum
1286 827 1318 876 et
1332 811 1635 899 splendidissimum,
1657 839 1742 884 anno
1759 821 1886 889 demum
1902 833 1961 892 421
2097 858 2106 874 ·

340 948 372 1012 p.
396 923 473 990 Chr.
497 948 528 990 n.
558 923 654 1011 plane
683 926 841 1003 dirutum,
872 926 995 1012 dequo
1017 924 1109 990 locus
1137 924 1310 1012 singularis
1337 941 1387 991 est
1410 931 1494 1012 apud
1522 930 1713 1016 Prosperum
1741 932 1965 1022 Aquitapicum

338 1037 441 1124 (Opp.
464 1037 522 1118 ΙΙΙ,
546 1061 575 1124 p.
600 1043 657 1103 38:
691 1036 789 1124 Apud
810 1036 955 1102 Africam
977 1035 1167 1124 Carthagini
1194 1037 1352 1104 Caelestis
1378 1042 1486 1106 inesse
1515 1042 1663 1108 ferebant
1694 1045 1846 1132 ternplum
1869 1052 1966 1118 nimis

338 1149 499 1238 amplum,
537 1157 674 1214 omniane
706 1150 837 1214 deorsus
865 1172 992 1216 suoram
1021 1149 1158 1215 nedibus
1187 1153 1360 1231 vallatum,
1396 1155 1487 1218 cuins
1516 1153 1622 1240 platea
1649 1154 1846 1239 lithostrata,
1877 1167 1966 1246 pari-

336 1267 454 1329 mentis
487 1277 520 1328 et
548 1265 699 1349 pretiosis
735 1262 893 1328 columnis
922 1277 955 1327 et
984 1261 1155 1328 moenibus
1185 1263 1355 1342 decorata,
1392 1285 1497 1351 prope
1520 1273 1556 1332 e'n
1578 1268 1701 1334 duobos
1719 1271 1803 1349 fere
1823 1274 1965 1342 millibus

331 1397 489 1462 passuum
504 1375 809 1461 protendebatur),
841 1375 927 1440 haud
950 1377 1018 1440 seio
1041 1397 1082 1438 sn
1103 1377 1189 1440 idem
1211 1378 1272 1454 sit,
1297 1377 1386 1463 quod
1410 1394 1631 1464 repraesentat
1645 1403 1760 1448 numus
1776 1387 1854 1450 setis
1868 1401 1964 1455 notus

337 1490 386 1574 (v.
409 1487 538 1554 Eckhel
560 1489 660 1554 doctr.
683 1509 771 1552 unm.
793 1486 854 1568 lV,
877 1511 908 1575 p.
928 1495 998 1554 138.
1020 1487 1134 1572 Baper
1149 1491 1182 1552 in
1193 1490 1369 1576 palaeogr.
1386 1487 1529 1556 Studien
1550 1493 1613 1558 tab.
1629 1492 1677 1557 Ill
1693 1517 1747 1560 no.
1762 1496 1814 1580 2),
1840 1495 1964 1567 Veneri

338 1597 585 1688 Carthaginensi
606 1604 802 1688 inscriptus,
838 1623 932 1686 quam
953 1602 1100 1666 dedimus
1130 1599 1194 1666 tab.
1222 1617 1334 1668 nostra
1357 1608 1397 1668 16
1419 1602 1479 1667 litt.
1502 1626 1529 1670 c.
1578 1603 1644 1669 Vel
1666 1628 1708 1670 ex
1729 1611 1854 1694 ingenti
1874 1610 1963 1678 illius

336 1711 449 1798 templi
479 1716 658 1794 „omnium
682 1716 815 1778 deorum
839 1713 973 1780 aedibus
994 1711 1105 1778 vallati
1115 1720 1137 1754 ‘⁶
1168 1719 1357 1780 auctoritate
1382 1731 1530 1802 apparet,
1550 1719 1644 1781 'deae
1666 1715 1823 1786 Caelestis
1842 1746 1961 1792 numen

335 1827 489 1905 omnium,
513 1849 594 1912 quae
610 1825 806 1914 Carthagine
820 1823 1019 1906 colebantur,
1038 1829 1277 1893 sanctissimum
1293 1841 1325 1892 et
1340 1851 1527 1915 supremum
1541 1829 1686 1894 habitum
1701 1853 1788 1898 esse:
1813 1837 1961 1923 idemque

334 1937 474 2005 efficitur
496 1941 618 2027 insigni
640 1939 701 2004 boc
723 1937 873 2026 Apulcji,
896 1941 998 2026 ipsius
1016 1939 1106 2018 Afri,
1129 1939 1201 2005 loco
1225 1939 1460 2026 (Metamorph.
1477 1941 1528 2006 Xl
1542 1965 1572 2028 p.
1587 1948 1650 2008 257
1664 1941 1770 2030 Rip),
1794 1946 1851 2012 ubi
1865 1950 1960 2016 Luna

334 2053 379 2137 (i.
399 2073 427 2116 e.
450 2053 511 2116 dea
533 2049 710 2138 Caelestis)
732 2049 927 2137 appellatur:
956 2073 1063 2116 rernm
1084 2050 1209 2117 Natura
1230 2075 1365 2138 parens,
1400 2052 1632 2120 elementorum
1654 2061 1796 2123 omnium
1819 2062 1961 2143 domina,

335 2163 516 2230 seculorum
545 2169 716 2254 progenies
746 2163 897 2243 initialis,
929 2145 1055 2229 'summo
1084 2173 1265 2245 nominum,
1309 2169 1423 2253 regina
1451 2170 1611 2247 uranium,
1643 2177 1755 2254 primo
1788 2173 1959 2258 Caelitum,

336 2282 469 2346 deorum
501 2283 693 2365 dearumque
721 2279 821 2343 facies
850 2277 1019 2344 uniformis
1043 2322 1114 2343 .....
1138 2281 1228 2344 cuins
1253 2300 1371 2360 numen
1394 2281 1525 2344 unicum
1547 2279 1735 2348 multiformi
1757 2289 1960 2370 specie,·ritn

334 2396 445 2473 vario,
470 2398 598 2460 nomine
613 2391 794 2479 multiiugo,
818 2405 903 2456 totns
917 2405 1089 2456 veneratur
1104 2391 1203 2457 orbis
1225 2429 1268 2442 -
1289 2389 1363 2467 Quo
1379 2413 1418 2454 ea
1431 2393 1518 2457 cultu
1532 2397 1696 2481 proposita
1710 2396 1817 2477 fuerit,
1837 2399 1960 2468 scilicet

333 2504 423 2572 leoni
449 2508 593 2572 insidens
617 2509 717 2591 'etque
745 2503 869 2570 fulmen
895 2525 990 2568 manu
1023 2519 1154 2584 tenens,
1184 2519 1250 2568 tum
1273 2506 1358 2568 idem
1382 2503 1542 2590 Apulejus
1572 2508 1665 2572 docet
1694 2507 1758 2572 alio
1787 2509 1859 2577 loco
1893 2514 1961 2599 (Vl

335 2642 366 2705 p.
384 2627 441 2685 121
461 2618 532 2706 Bip.
575 2619 698 2706 Magna
718 2617 806 2683 Iovis
827 2638 982 2704 germana
1004 2631 1036 2681 et
1057 2621 1214 2704 coniuga,
1237 2619 1306 2682 sive
1329 2631 1362 2680 tu
1385 2617 1493 2697 Sami,
1521 2621 1590 2682 sive
1612 2623 1719 2686 celsae
1743 2621 1960 2712 Carthaginis

335 2753 417 2819 quae
446 2746 477 2796 to
507 2736 666 2818 virginem
680 2744 817 2820 ‚vectura
839 2729 943 2795 leonis
967 2729 1058 2796 coelo
1081 2744 1311 2796 commeantem
1335 2728 1484 2816 percolit,
1514 2731 1625 2797 beatas
1646 2735 1740 2798 sedes
1761 2735 1958 2822 frequentas,

333 2844 573 2925 el.Dion.79,
598 2853 649 2912 12.
684 2845 806 2910 Herod.
829 2823 866 2924 5,
889 2845 948 2928 6),
984 2856 1050 2908 tum
1081 2845 1170 2907 numi
1199 2843 1312 2908 Severi
1339 2857 1372 2906 et
1402 2841 1603 2924 caracallae,
1641 2849 1771 2910 natione
1791 2846 1958 2932 Afrorum,

332 2959 425 3023 deam
446 2963 674 3044 imperatorum
696 2961 831 3045 patriam
853 2979 892 3022 eo
915 2978 1008 3042 quem
1031 2957 1172 3022 diximus
1202 2955 1288 3020 cultu
1317 2971 1592 3042 repraesentantes
1623 2959 1672 3039 (v.
1695 2959 1759 3024 tab.
1777 2967 1828 3040 16,
1851 2961 1915 3031 litt.
1938 2987 1959 3029 a

333 3071 373 3136 cl.
402 3070 528 3136 Eckhel
557 3073 657 3136 doctr.
689 3093 776 3135 num.
810 3069 875 3135 Vll
896 3093 927 3155 p.
950 3071 1020 3134 183.
1045 3071 1140 3154 204),
1177 3083 1243 3134 tum
1266 3070 1404 3155 denique
1426 3091 1590 3154 gentmae,
1626 3072 1760 3134 eandem
1782 3075 1956 3161 imaginem

333 3184 543 3261 exhibentes,
572 3205 705 3270 quarum
728 3205 825 3248 unam
850 3183 934 3265 (tab.
952 3187 992 3247 16
1015 3181 1074 3246 litt.
1093 3183 1132 3266 b)
1157 3183 1301 3247 dedimus
1326 3203 1369 3246 ex
1390 3180 1553 3246 Muentsri
1574 3181 1658 3247 libro
1679 3181 1811 3250 laudato
1832 3188 1914 3271 (tab.
1939 3199 1954 3256 1

332 3319 387 3362 no.
412 3303 451 3361 13
482 3295 522 3360 cl.
545 3317 575 3380 p.
595 3299 648 3360 to.
672 3293 772 3380 167),
800 3293 934 3378 alterpm
963 3294 1050 3378 (tab.
1074 3293 1195 3358 toltit.
1219 3296 1258 3380 d)
1287 3296 1439 3360 ineditam
1470 3296 1510 3358 ad
1533 3295 1715 3380 exemplum
1738 3301 1841 3362 musei
1863 3298 1974 3388 Regii·

332 3407 554 3474 Beroliuensis
600 3407 650 3492 (v.
689 3403 924 3470 Winkelrnann
963 3407 1156 3488 description
1196 3405 1252 3469 des
1290 3407 1411 3490 pierres
1451 3405 1586 3492 gravbes
1625 3405 1720 3472 class.
1761 3417 1776 3473 1
1817 3434 1870 3476 no.
1908 3423 1958 3480 14.

333 3520 462 3587 Tblkeu
501 3517 636 3606 Catalog
677 3519 734 3584 der
773 3515 1015 3604 geschnittenen
1054 3515 1165 3580 Steine
1200 3515 1294 3580 class.
1331 3538 1385 3582 no.
1425 3523 1497 3582 186.
1556 3519 1727 3585 Praeterea
1760 3521 1852 3588 multi
1883 3543 1959 3592 sunt

333 3649 459 3700 veteres
496 3635 534 3698 de
570 3636 710 3699 eximiae
745 3633 822 3695 artis
850 3631 1022 3716 magnique
1061 3631 1154 3713 pretii
1191 3627 1264 3692 velo
1300 3651 1477 3714 purpureo,
1522 3651 1584 3714 quo
1625 3629 1717 3695 Deae
1752 3635 1958 3704 simulacrum

333 3747 473 3813 velatum
489 3749 603 3826 fuerit,
626 3749 716 3811 onius
736 3746 865 3832 generis
887 3740 959 3804 vela
981 3743 1077 3805 etiam
1098 3744 1132 3804 in
1155 3739 1228 3805 aliis
1248 3741 1388 3806 Iunonie
1411 3740 1571 3806 Caelestis
1592 3741 1718 3827 templis
1741 3763 1959 3814 memorantur·

333 3861 383 3946 (v.
406 3858 550 3925 Trebell.
573 3858 654 3925 Poll.
678 3862 710 3922 in
736 3856 819 3924 Cels.
841 3854 961 3920 Athen.
982 3853 1060 3932 Xll,
1080 3855 1132 3919 ⁵8.
1164 3852 1296 3918 Aristot.
1319 3851 1434 3918 mirab.
1458 3851 1593 3918 anscult.
1614 3877 1641 3918 e.
1657 3855 1729 3941 99):
1761 3857 1800 3922 de
1822 3882 1958 3946 magnae

332 3976 531 4039 auctoritatis
560 3969 689 4036 oraculo
716 3974 750 4034 in
777 3968 895 4056 templo
924 3965 1079 4034 Caelestis
1108 3963 1266 4054 (Capitol.
1290 3964 1392 4032 Maer.
1415 3971 1434 4030 3
1457 3981 1489 4030 et
1509 3967 1628 4031 Pertin.
1653 3989 1680 4031 c.
1699 3969 1741 4053 4)
1766 3972 1806 4034 de
1826 3970 1959 4038 lotioni-

332 4088 393 4154 bus
414 4086 505 4152 Deae
527 4090 646 4162 saeris,
684 4085 723 4148 de
745 4083 924 4170 virginibus
946 4082 1083 4166 deniqne
1104 4083 1138 4144 in
1161 4083 1230 4144 eius
1253 4077 1408 4142 honorem
1430 4081 1610 4164 prostitutis
1632 4081 1735 4167 deque
1760 4087 1959 4176 turpissimis

332 4199 418 4266 ludis
448 4201 479 4262 ci
508 4197 662 4262 exhibitis
686 4195 839 4282 (August.
862 4198 922 4259 civ.
946 4195 998 4258 dei
1026 4201 1064 4271 2,
1092 4200 1124 4259 3.
1153 4190 1295 4256 Salvian.
1327 4193 1367 4256 de
1389 4190 1523 4278 gubern.
1545 4191 1609 4256 Dei
1639 4196 1676 4272 7,
1709 4194 1781 4280 16).
1824 4197 1956 4264 Baalem

334 4312 479 4379 Solarem
503 4313 583 4375 deae
608 4323 756 4387 nostrae,
796 4329 878 4394 quae
900 4307 1027 4372 Lunam
1048 4304 1330 4391 repraesentabat,
1361 4307 1510 4369 maritum
1534 4305 1585 4369 vel
1608 4321 1693 4371 certe
1716 4306 1772 4373 tali
1794 4310 1959 4376 eonnttbio

335 4397 465 4513 dignum
497 4425 641 4490 habitum
670 4423 789 4500 luisse,
822 4424 901 4486 satis
929 4434 1061 4504 apparet
1090 4441 1131 4484 ex
1161 4439 1280 4483 vesano
1303 4416 1512 4504 Heliogabali
1540 4418 1679 4505 Augusti
1701 4423 1865 4500 instituto,
1904 4425 1960 4508 qui
1992 4431 1996 4441 '

334 4541 459 4624 nuptias
487 4537 554 4603 Dei
583 4535 706 4601 Solaria
737 4534 889 4598 Emereni
919 4545 951 4595 et
981 4531 1118 4596 Veneris
1147 4529 1413 4618 Carthaginensis
1441 4530 1564 4597 Romae
1592 4553 1709 4619 magna
1739 4555 1810 4598 cum
1842 4557 1959 4620 pompa

335 4651 509 4718 celebravit
529 4657 581 4733 (v.
604 4648 703 4714 Dion.
721 4662 753 4710 et
766 4645 943 4710 Herodian.
960 4642 992 4706 ll.
1008 4645 1090 4728 cc.):
1120 4645 1161 4710 ad
1183 4646 1268 4708 idem
1292 4643 1405 4709 horum
1428 4646 1560 4710 deorum
1581 4645 1777 4709 connubium
1798 4649 1961 4730 pertinent

334 4780 439 4830 autem
463 4766 552 4829 numi
566 4778 598 4828 et
613 4762 838 4845 inscriptiones
852 4757 999 4843 Septimii
1015 4757 1143 4835 Severi,
1165 4757 1327 4841 Leptitani
1342 4757 1431 4834 Afri,
1453 4757 1679 4823 Africanorum
1698 4761 1959 4843 superstitionum

333 4880 561 4944 studiosissimi
577 4876 744 4941 sectatoris
767 4872 816 4958 (v.
840 4873 880 4936 ad
897 4867 1018 4955 Tripol.
1040 4867 1102 4955 1),
1123 4867 1291 4954 inquibus
1311 4891 1370 4954 pro
1392 4873 1477 4955 turpi
1498 4869 1586 4936 illins
1603 4872 1757 4956 temporis
1776 4867 1960 4936 adulatione

333 4991 497 5078 Angustus
514 5003 546 5053 et
568 4988 715 5074 Augusta
735 4989 837 5051 instar
859 4981 946 5048 Solis
964 4997 997 5047 et
1012 4982 1144 5060 Lunae,
1169 4995 1373 5046 aeternorum
1389 4982 1549 5062 siderum,
1573 4995 1865 5068 repraesentantur.
1893 4982 1960 5048 -ne

336 5107 440 5170 narnis
462 5125 492 5165 v.
508 5099 643 5166 Eclthel.
665 5095 850 5166 1).N.v11
872 5120 905 5183 p.
921 5102 998 5176 181,
1027 5093 1066 5159 cf.
1088 5095 1231 5180 inscript.
1256 5094 1339 5179 apud
1362 5091 1455 5158 Grut.
1478 5094 1536 5174 lv,
1561 5101 1611 5162 17.

463 5231 525 5306 pm
556 5216 636 5288 ‘emh
674 5211 895 5304 qrnb‘qubt
936 5218 970 5273 et
1003 5207 1130 5272 domino
1161 5217 1292 5286 nostro,
1322 5206 1413 5288 luero,
1444 5207 1535 5273 naar
1553 5208 1745 5274 Hammone.
1798 5208 1960 5276 Snflixnm

334 5329 477 5396 additum
497 5342 545 5394 est
560 5326 621 5393 soli
638 5324 790 5404 attributo
805 5327 888 5402 bns,
910 5322 992 5411 quod
1016 5320 1048 5386 h.
1064 5318 1087 5384 1.
1100 5341 1150 5408 sq.
1170 5323 1266 5409 genit.
1282 5320 1375 5386 deum
1392 5319 1560 5388 tutelarem
1575 5321 1714 5388 alienius
1731 5321 1839 5408 populi
1862 5327 1963 5410 signi·

1537 5449 1578 5508 22
