4922 6300
396 699 515 768 NUMI
536 685 726 768 SICILIAE
748 701 809 769 ΕΤ
829 701 1148 772 ADIACEN'I'IUM
1168 705 1446 779 INSULARIIM.
1489 711 1581 814 XIII.
1605 710 1816 780 COSSURA·
1881 717 1956 792 299

329 887 498 958 I’ellerinii
531 901 638 954 autem
675 888 826 977 exemplo
855 912 920 956 non
950 905 1071 958 tantam
1100 892 1198 961 fidem
1226 895 1415 978 habuerim,
1444 902 1560 985 inquo
1591 903 1688 964 etiam
1711 909 1826 986 quinto
1847 900 1956 965 littera

332 1007 436 1089 (quas
465 1006 499 1068 in
529 1023 568 1067 so
597 1001 677 1068 Nure
705 1009 775 1098 est)
809 1001 894 1068 male
922 1006 1007 1089 pinta
1035 1019 1068 1070 et
1097 1009 1144 1072 ita
1174 1007 1351 1095 supplenda
1380 1033 1452 1078 osas
1482 1013 1627 1078 videatur
1657 1012 1783 1100 (solent
1812 1017 1896 1078 enim
1921 1013 1954 1077 bi

331 1118 419 1180 numi
439 1115 549 1192 detriti
570 1117 683 1201 esse),
714 1129 750 1180 ut
770 1116 860 1181 Mera
882 1118 940 1194 sit,
970 1119 1054 1204 quod
1075 1123 1186 1192 omnia
1207 1120 1331 1208 reliqna
1352 1123 1500 1210 exempla
1522 1124 1652 1189 babent.
1695 1126 1866 1190 Praeterea
1890 1148 1952 1190 non

331 1227 558 1315 negligendum
587 1243 653 1307 eat,
687 1227 813 1308 litteras
843 1228 939 1293 buius
971 1230 1163 1316 epigraphes
1192 1231 1255 1298 boe
1285 1234 1404 1300 babere
1429 1237 1492 1301 sibi
1512 1239 1697 1323 proprium,
1738 1239 1822 1325 quod
1844 1240 1954 1305 caudis

328 1343 498 1427 soapisqne
520 1344 662 1406 munitae
683 1357 758 1406 sunt
779 1339 1002 1426 longioribus,
1024 1342 1139 1428 quibus
1153 1343 1323 1431 impleatur
1340 1369 1416 1412 area
1436 1369 1535 1415 vanua
1557 1351 1650 1433 (vide
1664 1372 1733 1436 pag.
1752 1355 1830 1433 18),
1854 1363 1885 1412 et
1899 1349 1952 1414 vel

330 1452 415 1518 beno
435 1453 477 1518 ob
498 1476 644 1519 caussam
666 1453 753 1519 Rem
774 1452 900 1518 litterae
918 1452 1051 1519 eandem
1066 1458 1172 1520 minus
1187 1455 1342 1524 inflexam
1362 1481 1443 1526 erae.
1488 1459 1677 1547 Quanquam
1693 1465 1791 1548 igitur
1806 1461 1954 1528 omnihus

331 1563 488 1650 exemplis
518 1569 711 1652 eomparatis
740 1566 780 1630 de
808 1563 865 1628 illa
885 1563 1026 1630 lectione
1048 1567 1188 1632 dubitari
1210 1591 1275 1632 non
1297 1585 1419 1656 potest,
1448 1585 1555 1636 tamen
1578 1571 1811 1660 Palaeograpbi
1832 1577 1865 1638 in
1890 1573 1954 1638 alia

330 1681 438 1742 omnia
453 1678 611 1744 abierunt.
655 1677 703 1744 Ao
719 1676 966 1761 Bartbelemyus
981 1681 1110 1765 quidem
1125 1683 1265 1768 quinque
1287 1681 1412 1749 litteras
1431 1684 1626 1769 (Memoires
1644 1687 1683 1750 de
1698 1684 1811 1750 l'aoad.
1832 1685 1951 1766 XXX,

331 1811 360 1876 p.
383 1793 446 1855 414
467 1792 555 1878 sqq.)
577 1791 657 1878 legit
679 1807 789 1878 brutus)
815 1791 1041 1870 Commorim,
1068 1791 1278 1858 Phoenicium
1299 1795 1423 1861 insulae
1447 1818 1564 1863 nomen
1587 1819 1659 1862 oum
1680 1819 1796 1884 graeco
1819 1818 1954 1863 consen·

331 1905 390 1968 tire
417 1917 526 1983 ratus,
565 1907 656 1968 ouius
685 1925 827 1968 errorem
855 1902 930 1968 lieet
957 1925 1052 1989 saepe
1082 1905 1256 1971 refutatum
1287 1909 1339 1992 (v.
1365 1907 1503 1974 PellerIn
1529 1925 1560 1976 et
1581 1909 1687 1994 Bayer
1707 1909 1743 1974 ll.
1768 1915 1836 1992 oe.)
1859 1925 1891 1974 et
1913 1909 1954 1974 ab

329 2019 402 2102 ipso
432 2019 575 2103 agnitum
605 2031 637 2080 et
667 2030 873 2081 retractatum
903 2013 1016 2100 (lettre
1045 2015 1225 2082 dOlivibri
1247 2043 1278 2106 p.
1298 2026 1350 2085 43.
1380 2019 1584 2088 Ileobercbes
1606 2047 1661 2088 sur
1682 2021 1731 2086 les
1749 2025 1891 2109 origines
1913 2023 1954 2086 de

331 2126 472 2194 'l'oulore
499 2153 528 2216 p.
552 2137 600 2198 14.
624 2130 684 2214 15)
715 2143 821 2194 tamen
851 2131 1046 2214 repetierunt
1078 2128 1325 2197 Bellermannus
1348 2133 1384 2214 (I
1406 2157 1435 2220 p.
1457 2137 1518 2220 22)
1539 2149 1571 2200 et
1591 2134 1810 2222 Lindbergiua
1833 2157 1865 2220 p.
1888 2139 1953 2214 69,

332 2244 384 2328 qui
413 2241 475 2306 boo
503 2265 567 2307 uuo
596 2264 705 2306 errore
734 2244 774 2306 ad
802 2240 909 2328 plures
943 2239 1024 2306 alios
1053 2263 1173 2330 eosque
1201 2242 1301 2309 multo
1330 2248 1468 2312 maiores
1492 2247 1645 2312 reduetus
1675 2261 1725 2312 est
1759 2249 1851 2330 (vida
1884 2267 1954 2332 pag.

331 2361 381 2420 20.
410 2360 462 2420 31.
491 2355 573 2440 32),
613 2358 730 2441 quippe
768 2357 823 2441 qui
860 2353 921 2418 bae
956 2351 1094 2419 leetione
1127 2353 1399 2444 innixua'plures
1427 2358 1573 2445 ligurus,
1615 2381 1696 2445 quae
1728 2358 1838 2444 Alept
1866 2372 1953 2438 sunt,

331 2465 474 2554 Kopbim
502 2467 596 2546 feeit,
631 2465 757 2553 plures,
793 2485 874 2552 quae
904 2465 972 2531 Jod
1006 2480 1099 2546 suut,
1137 2467 1246 2534 Sobiu.
1292 2468 1375 2535 'I'res
1403 2469 1527 2538 litteras
1559 2471 1674 2559 (aurp)
1710 2469 1793 2535 male
1821 2470 1954 2578 ,legerat

330 2579 577 2664 Bartbelemyus
597 2593 629 2644 et
650 2583 704 2666 qui
725 2601 798 2643 eum
820 2582 947 2665 sequuti
968 2593 1058 2644 sunt:
1081 2583 1114 2644 in
1135 2581 1278 2662 duabus,
1308 2584 1450 2647 secunda
1472 2599 1504 2648 et
1521 2580 1642 2664 tertia,¹
1656 2582 1802 2669 legendis
1825 2582 1954 2646 aberrat

331 2697 428 2759 etiam
450 2691 612 2777 Bayerus,
650 2695 704 2779 qui
734 2707 841 2760 beruto
869 2690 1002 2788 legitqet
1022 2687 1163 2756 Istonr'm
1185 2715 1210 2756 a.
1232 2693 1347 2773 Ision,
1385 2695 1557 2775 Udenoen,
1587 2696 1711 2778 Libyae
1732 2691 1872 2758 insulem
1903 2698 1951 2776 (v,

330 2806 440 2893 Stepb.
475 2805 555 2890 Byr.
590 2827 619 2870 v.
650 2802 771 2888 Ἴσιός)
811 2803 993 2890 intelligere
1029 2803 1119 2868 vult:
1163 2817 1196 2868 et
1228 2807 1261 2869 in
1301 2827 1365 2869 una
1402 2811 1495 2872 tertia
1531 2807 1678 2893 Koppius
1719 2803 1863 2886 (Bilder¹
1888 2806 1953 2870 und

331 2919 492 2984 Schriften
515 2917 558 2997 II,
584 2917 682 3001 196),
717 2939 810 3004 quent
833 2919 975 3003 sequitur
996 2915 1201 2981 Hemalrerus
1236 2915 1397 3002 (Miscell.
1422 2922 1523 3008 146),
1559 2919 1671 3006 legens
1694 2935 1788 2988 britte
1812 2920 1953 2997 ,mitrula

332 3037 574 3097 victoriarum“
596 3029 647 3094 rel
670 3032 810 3111 „insula
831 3035 1039 3110 uictorum“‚
1069 3033 1121 3095 cui
1143 3031 1218 3116 quid
1241 3032 1337 3094 etiam
1360 3051 1380 3094 a
1399 3029 1529 3120 linguae
1551 3031 1730 3098 rationibus
1752 3031 1868 3110 obstet,
1889 3033 1952 3094 iarn

331 3167 427 3232 supra
450 3147 500 3234 (p.
524 3149 608 3227 282)
631 3146 833 3209 dictumest.
1643 3131 1647 3141 “

460 3284 546 3364 Quid
574 3299 681 3350 autem
710 3297 758 3348 est
789 3281 870 3348 illud
899 3281 1012 3352 brenti
1049 3283 1205 3370 Equidem
1235 3281 1282 3348 nil
1311 3283 1422 3348 dubito
1451 3285 1501 3366 (v.
1530 3284 1733 3371 premerid.
1763 3281 1838 3348 Hal.
1863 3287 1956 3361 1825,
1991 3351 1995 3370 ¹

334 3422 386 3466 no.
409 3405 461 3466 6³.
499 3397 666 3484 Palaeogr.
690 3396 824 3462 Studien
848 3419 879 3482 p.
902 3397 964 3481 64)
986 3399 1064 3482 quin
1086 3396 1363 3482 pronunciandum
1389 3409 1420 3460 et
1442 3395 1670 3482 explicandum
1692 3399 1735 3462 sit
1835 3409 1837 3412 ’

676 3552 801 3656 ῃζζιιι
1150 3530 1279 3605 tmnla
1293 3533 1478 3624 filiorem
1502 3557 1531 3606 s.
1557 3535 1738 3608 iuvenum

335 3708 384 3792 (r.
408 3721 477 3796 ιιιιιτ
500 3700 593 3766 Cant.
610 3707 642 3780 2,
659 3702 718 3783 3);
743 3719 805 3784 qno
827 3699 957 3760 nomine
979 3709 1061 3782 apte·
1075 3695 1231 3783 appellari
1247 3711 1372 3783 poteret
1387 3699 1533 3776 colonia,
1553 3700 1718 3764 iuventute
1735 3698 1953 3785 utplurimum

332 3833 497 3885 constans:
527 3829 559 3879 et
577 3812 776 3878 levissimum
794 3823 952 3888 senseat,
976 3809 1060 3896 quod
1078 3809 1172 3874 nobis
1188 3812 1326 3874 occurrit
1340 3809 1564 3888 Hamalrerus,
1587 3810 1620 3873 id
1635 3813 1772 3874 nominis
1787 3814 1833 3880 ita
1845 3824 1950 3896 aptum

334 3953 423 4009 esse,
460 3941 496 3993 ut
525 3929 626 3992 ouiris
654 3925 721 3990 fere
749 3921 896 3988 coloniae
916 3921 1016 3986 tribui
1039 3925 1159 4008 possit,
1193 3936 1297 3986 certae
1321 3923 1445 3987 cuidam
1469 3922 1686 4008 designandae
1708 3923 1826 3987 ioeirco
1848 3924 1954 3986 miuus

334 4041 626 4110 accommodatum:
666 4039 719 4101 eui
747 4035 990 4122 argumentandi
1020 4038 1132 4128 generi
1159 4037 1382 4120 respondimus
1403 4037 1437 4099 iu
1460 4038 1639 4108 exercitatt.
1661 4033 1825 4122 palaeogr.
1848 4057 1880 4121 p.
1903 4040 1954 4099 64.

338 4163 407 4223 tos.
451 4151 535 4218 Illud
557 4165 663 4214 autem
686 4171 749 4212 nou
778 4145 859 4211 aliur
892 4149 1020 4212 s'nroloe
1042 4149 1230 4214 colossiaeus
1250 4169 1365 4213 nomen
1387 4151 1548 4234 proprium
1571 4169 1643 4212 erse
1666 4170 1760 4236 quam
1785 4148 1960 4232 Cessurae,

333 4274 366 4338 id
386 4292 426 4334 ea
447 4267 562 4332 borum
586 4282 753 4327 neruorum
776 4259 927 4345 exempla
947 4262 1120 4339 evincunt,
1152 4260 1322 4346 inquibus
1345 4282 1401 4345 pro
1423 4247 1640 4346 Inscriptione
1655 4262 1776 4326 Punioa
1798 4235 1955 4346 reperitur

333 4381 435 4448 latina
463 4373 674 4444 cossvttA.
715 4371 853 4436 Pellerin
876 4371 942 4451 Ill,
964 4379 1024 4452 97,
1049 4395 1101 4437 no.
1124 4381 1153 4438 2.
1197 4372 1347 4438 Mionnet
1368 4372 1395 4452 1,
1418 4379 1498 4460 ³4⁰0
1532 4374 1605 4437 ride
1627 4389 1727 4439 nostr.
1750 4364 1811 4438 litt.
1832 4373 1864 4438 D
1900 4375 1911 4455 (
1927 4374 1959 4435 in

339 4519 419 4583 quo,
459 4505 495 4556 ut
524 4489 586 4553 boe
615 4489 648 4552 in
680 4500 864 4550 transcursu
893 4483 1120 4567 observemus,
1157 4483 1262 4572 figura
1291 4487 1377 4550 intra
1412 4506 1562 4549 ooronam
1592 4507 1778 4570 comparens
1809 4505 1873 4548 non
1910 4495 1964 4554 est

336 4605 514 4688 „maehina
537 4598 743 4687 triangularis
753 4603 794 4676 “,
825 4612 861 4661 ut
882 4595 950 4660 vult
971 4597 1208 4682 Lindbergius‚
1240 4598 1297 4662 sed
1319 4593 1461 4682 vulgaris
1484 4596 1541 4662 illa
1563 4595 1672 4662 Baalis
1694 4611 1787 4681 atque
1809 4596 1955 4660 Astartas

334 4725 460 4807 imago,
497 4737 528 4778 v.
556 4718 651 4780 lusor.
681 4709 832 4796 Cartbng.
864 4709 990 4792 tna).
1034 4707 1195 4774 Castellus
1218 4710 1257 4774 de
1278 4707 1384 4772 Turre
1411 4708 1521 4774 Mania
1543 4708 1641 4773 habet
1661 4711 1756 4772 etiam
1778 4707 1953 4794 bilinguem

338 4851 487 4908 numum,
525 4829 558 4890 iu
583 4847 645 4912 quo
668 4833 793 4910 praeter
814 4821 968 4886 Punicam
991 4824 1234 4907 Inscriptionem
1260 4834 1310 4886 est
1331 4823 1496 4886 nonar.-
1532 4822 1589 4885 sed
1612 4822 1651 4885 de
1674 4823 1864 4884 auctoritate
1886 4821 1955 4882 eius

336 4943 526 5020 subdubito,
557 4958 679 5004 memor
699 4957 827 5012 eorum,
842 4927 845 4934 ’
858 4955 939 5019 quae
962 4948 1070 4997 narrat
1091 4931 1266 4997 Eolrbelius
1290 4931 1350 5016 (D.
1370 4911 1421 4996 Ns
1434 4932 1460 5012 1,
1476 4934 1571 5016 259).

463 5091 493 5147 2.
539 5079 687 5144 Secunda
715 5075 827 5141 elassis
857 5087 924 5137 tum
953 5088 1028 5158 typo
1058 5073 1165 5138 dillert
1193 5093 1211 5135 a
1241 5073 1365 5157 priore,
1402 5084 1469 5133 turn
1499 5071 1692 5156 epigraphe,
1730 5093 1810 5159 quae
1841 5073 1956 5157 partim

339 5199 440 5270 tribus
470 5193 559 5260 oilria
589 5205 700 5268 aneta,
738 5189 853 5274 partim
891 5183 1106 5272 negligentius
1128 5188 1246 5270 scripta
1268 5181 1334 5262 est,
1366 5197 1397 5247 et
1417 5185 1479 5260 ita,
1518 5181 1751 5248 ut¹litterarum
1774 5183 1897 5270 figurae
1917 5181 1956 5246 ad

334 5313 519 5397 scripturam
549 5305 700 5369 Punicam
729 5302 940 5366 recentiorem
969 5321 996 5361 s.
1028 5295 1230 5362 NumidIoarn
1261 5298 1391 5382 propius
1420 5295 1591 5360 accedant:
1626 5298 1710 5362 unde
1738 5301 1954 5383 consequitur,

337 5425 431 5489 buius
454 5419 567 5486 elassis
584 5413 733 5500 exempla
754 5417 861 5501 priore
881 5409 983 5478 alasse
1007 5415 1186 5476 recentiora
1208 5431 1290 5476 ease.

1491 5531 1576 5594 38*
