5022 6290
520 652 598 730 tut
1104 639 1334 710 moenum
1358 639 1554 722 aurare.

653 837 733 922 Peg.
755 837 827 900 164.
878 799 1100 915 Ιιιόιίριίοιιίι
1130 825 1295 898 διιιίιιιιι
1323 829 1364 896 ab
1392 829 1490 898 Arrio
1519 829 1624 896 editae
1655 826 1752 896 aliam
1784 825 2031 914 explicationem
2056 831 2147 898 dedit

525 950 629 1022 Fert.
654 947 824 1030 eryzr
844 947 878 1008 iu
901 940 1019 1009 Auual.
1043 945 1114 1012 crit.
1136 941 1245 1010 Barol.
1267 949 1349 1010 1336
1370 964 1482 1013 manee
1503 941 1564 1008 lul.
1589 963 1643 1009 uo.
1667 949 1698 1010 8.
1720 947 1751 1008 9.

499 1138 510 1156 ,
652 1093 730 1179 Peg.
754 1097 824 1158 161.
868 1090 1090 1176 lneeriptiouia
1111 1087 1322 1156 Mareeleuaie
1345 1109 1464 1154 novum
1485 1088 1725 1176 apographum,
1756 1087 1842 1174 quod
1860 1107 1933 1152 eum
1950 1083 2146 1153 castelliano

524 1212 603 1278 aetia
633 1207 716 1273 beue
743 1205 913 1283 convenit,
949 1224 1053 1289 nuper
1081 1224 1123 1270 ex
1151 1201 1263 1268 Sicilia
1292 1201 1398 1270 attulit
1425 1201 1566 1290 mihique
1588 1205 1677 1269 miait
1698 1198 1871 1266 Crarnerue
1893 1199 1935 1264 D.
1978 1199 2148 1288 Reperitur

524 1346 564 1388 ea
595 1341 658 1386 non
690 1315 862 1398 Mazarae,
898 1329 932 1380 ut
952 1314 1188 1404 Lindbergium
1219 1315 1271 1401 (p.
1295 1321 1356 1402 39)
1384 1329 1512 1382 secutur
1534 1317 1649 1402 rcripei
1669 1337 1702 1402 p.
1727 1319 1809 1399 161,
1845 1313 1903 1383 red
1932 1311 2095 1400 Maraalae
2113 1315 2147 1382 iu

525 1415 646 1522 palatio
686 1428 817 1518 publico
851 1416 1006 1515 (palazzo
1033 1425 1190 1516 publico)
1224 1430 1258 1492 iu
1289 1426 1398 1514 lapide
1424 1430 1535 1502 rudius
1566 1407 1679 1508 caeso,
1715 1427 1796 1518 duca
1823 1427 1922 1511 pedea
1951 1447 2022 1492 cum
2045 1411 2172 1492 tribur¹

525 1549 634 1636 digitis
657 1542 742 1623 alto,
773 1541 955 1630 quindecim
976 1540 1045 1606 iere
1068 1542 1185 1628 digitos
1205 1537 1290 1620 lato,
1321 1543 1375 1626 qui
1396 1563 1489 1642 muro
1511 1539 1631 1609 infixus
1647 1541 1727 1638 era't.
1771 1538 1876 1604 Etiam
1890 1536 2016 1606 litterae
2035 1559 2146 1625 parum

523 1659 695 1746 diligenter
716 1657 860 1734 inciaae,
892 1675 976 1718 nuuc
998 1653 1107 1719 colore
1129 1655 1222 1742 nigro
1244 1653 1393 1722 inductae
1416 1668 1499 1721 suut.

654 1815 733 1900 Peg.
755 1815 829 1878 tce.
875 1807 983 1886 Quum
1009 1813 1094 1896 typis
1119 1813 1185 1876 iam
1212 1813 1377 1897 exscripta
1404 1823 1532 1890 eareat,
1564 1828 1646 1896 qnae
1668 1807 1892 1896 de'lapidibur
1913 1805 2148 1896 Carthaginen-

523 1931 618 1996 aibua
644 1940 739 2012 atque
767 1921 947 1990 Nouimus
976 1920 1032 1988 lib.
1052 1921 1084 1987 11
1109 1945 1184 2009 zap.
1206 1929 1237 1991 6.
1258 1928 1281 1988 6
1302 1924 1546 2009 disputavimus,
1590 1920 1650 1988 cel.
1672 1923 1854 2004 Leontem,
1887 1921 1995 1988 Musei
2017 1921 2148 2007 Lugdu·

526 2042 637 2108 nausia
660 2051 768 2104 orator
786 2037 981 2122 primariae,
1002 2056 1065 2121 qua
1082 2049 1134 2100 eet
1155 2035 1407 2100 humanitate-at
1427 2055 1504 2123 erga
1523 2057 1576 2110 me
1599 2033 1843 2116 benevolentia,
1870 2047 2148 2104 monumentorum

525 2155 723 2219 Punicorum
741 2144 973 2227 litteratorum,
994 2149 1077 2234 quae
1093 2149 1253 2236 Lugduni
1263 2161 1409 2226 exstuat,
1436 2151 1578 2214 omnium
1599 2148 1772 2237 (Carthag.
1797 2155 1905 2213 1-4.
1920 2154 1951 2213 6.
1967 2154 2000 2212 8.
2016 2127 2148 2212 Numid.

524 2273 555 2332 3
585 2266 628 2348 4)
663 2272 775 2349 ectypa
803 2271 926 2348 gype'ea
951 2258 1031 2326 mibi
1057 2263 1157 2324 misit.
1218 2260 1310 2326 Haec
1328 2262 1452 2347 igitur,
1491 2260 1646 2326 adhibitio
1675 2259 1834 2348 exemplie
1862 2261 2015 2348 Lugduni
2045 2283 2065 2324 a
2096 2279 2149 2326 me

526 2369 713 2454 delineatio,
748 2377 783 2440 iu
811 2375 954 2438 aditione
979 2381 1055 2437 -m'ea
1083 2383 1210 2438 reeutm
1231 2393 1320 2438 anm:
1359 2373 1536 2458 eademque
1555 2377 1672 2438 iterum
1694 2377 1874 2460 iterumque
1895 2374 2027 2440 intentio
2048 2369 2151 2438 oculle

525 2489 730 2570 undumeni,
766 2489 795 2552 ei
825 2486 901 2572 quid
932 2485 1018 2550 forte
1047 2505 1140 2548 eme
1162 2484 1343 2572 neglectum
1365 2498 1463 2550 eruet.
1493 2484 1574 2551 aen
1595 2485 1678 2550 nibil
1699 2487 1808 2552 inveni
1830 2499 1956 2578 praeter
1976 2484 2057 2554 haee
2077 2487 2150 2552 tria.

524 2601 573 2670 Ac
589 2607 741 2688 primam
768 2600 897 2686 quidem
928 2599 962 2662 iu
994 2593 1147 2684 Carthag.
1169 2603 1190 2664 3
1212 2597 1349 2664 anbinde
1365 2605 1488 2683 'puncta
1508 2601 1730 2685 reperiuntur,
1772 2619 1854 2685 qnae
1876 2621 1940 2664 uon
1962 2619 2037 2678 pern
2060 2613 2149 2675 orta,

480 2747 494 2762 κ
524 2715 581 2784 aad
609 2711 755 2782 consulto
783 2710 870 2779 lecte
900 2711 1063 2790 videntur,
1101 2724 1137 2776 ut
1168 2712 1203 2774 iu
1235 2707 1359 2796 Tripol.
1386 2717 1426 2790 2,
1463 2709 1541 2776 licet
1569 2713 1787 2797 inocriptiouir
1819 2723 1932 2779 auctor
1959 2711 1991 2774 iu
2021 2711 2150 2796 punctio

524 2826 682 2914 poueudia
709 2823 791 2892 alias
818 2821 929 2914 legar,
968 2843 1063 2909 quam
1084 2843 1165 2910 quae
1189 2820 1285 2909 vulgo
1308 2835 1457 2908 receptae
1478 2838 1572 2904 aunt,
1611 2826 1702 2911 requi
1724 2823 1879 2892 videatur.
1922 2822 2045 2906 Puncta
2063 2823 2151 2888 euim

526 2959 657 3004 cernere
684 2935 765 3002 mihi
794 2936 903 3002 videor
930 2933 983 3000 hir
1011 2933 1094 3000 loeis
1123 2937 1242 3020 poaitat
1281 2949 1339 3002 'tte
1369 2953 1420 3004 tua
1456 2945 1536 3025 {tun
1566 2939 1637 3008 ha:
1674 2937 1753 3022 tnttb
1787 2936 2024 3024 phrahatttnh
2061 2937 2150 3006 11315

526 3041 682 3140 eburae
703 3067 738 3140 J:
758 3063 864 3118 etam-t
883 3064 1049 3118 mantum
1068 3085 1111 3097 -
1130 3067 1231 3134 quae,
1261 3060 1329 3112 utut
1351 3069 1371 3110 a
1394 3046 1770 3135 vulgari'couruetudiue
1791 3047 1898 3116 aliena
1918 3060 2015 3128 runt,
2037 3061 2149 3132 ¹tumen

524 3160 687 3252 probabili
713 3159 927 3246 explicatione
949 3181 1013 3226 uon
1037 3175 1164 3238 carent,
1201 3171 1235 3224 ut
1256 3161 1365 3246 poncia
1386 3175 1565 3226 monstrare
1585 3161 1698 3248 placet.
1742 3161 1775 3248 1)
1795 3164 1829 3228 iu
1851 3176 1969 3248 puncto
1992 3136 2067 3248 port
2087 3180 2148 3228 11311

525 3276 584 3341 liu.
610 3281 627 3342 1
651 3294 746 3340 nemo
765 3270 928 3352 haerebit,
955 3293 995 3336 eo
1017 3273 1121 3358 magia
1143 3273 1176 3358 2)
1199 3273 1233 3337 in
1255 3293 1294 3361 eo
1315 3273 1401 3359 qood
1421 3271 1479 3338 liu.
1497 3281 1511 3340 1
1529 3289 1612 3340 extr.
1635 3290 1684 3339 ert
1704 3289 1778 3362 post
1798 3277 1816 3348 5
1839 3287 1871 3340 et
1884 3276 2038 3362 repetitur
2055 3271 2149 3340 lin-2

526 3393 661 3454 ineunte
675 3398 750 3450 aute
764 3399 796 3451 3.
827 3381 934 3462 Quum
951 3405 1027 3449 vero
1042 3405 1160 3450 novum
1173 3399 1325 3472 puuctum
1339 3401 1492 3470 aequatur
1509 3401 1582 3474 post
1597 3391 1656 3456 ’333
1672 3387 1725 3472 (ad
1740 3387 1913 3455 eeouudam
1929 3389 2013 3454 euim
2029 3385 2148 3452 lineam

526 3503 687 3590 pertinere
714 3500 837 3592 ridetur
857 3495 938 3563 illud
959 3497 1044 3585 quod
1066 3495 1153 3561 iufra
1175 3497 1309 3561 candem
1331 3515 1352 3566 3
1372 3497 1499 3563 litterae
1518 3513 1567 3564 eet
1589 3501 1621 3563 iu
1637 3517 1703 3568 1133
1716 3501 1750 3582 ),
1771 3502 1867 3588 idque
1881 3498 2001 3566 nullium
2021 3514 2150 3588 autepo-

527 3617 644 3691 aitum,
672 3625 783 3676 auctor
805 3611 967 3697 idsegieae
988 3611 1132 3690 videtur,
1168 3623 1203 3674 nt
1231 3630 1348 3674 nomeu
1371 3613 1451 3690 333,
1482 3626 1590 3698 utpote
1622 3613 1783 3690 numinis,
1813 3614 1864 3678 cui
1893 3611 2005 3680 titulus
2032 3616 2148 3680 inscri-

527 3741 599 3814 ptae
622 3737 707 3804 erat,
737 3725 865 3810 punctio
886 3720 1065 3788 includeret
1085 3721 1149 3804 (cl.
1172 3723 1267 3786 iuscr.
1295 3721 1419 3808 sard).
1463 3725 1587 3788 Eodem
1611 3724 1706 3790 modo
1735 3729 1770 3808 3)
1791 3720 1849 3788 liu.
1872 3728 1892 3789 3
1914 3723 2073 3792 iuelurum
2102 3741 2150 3791 eat

527 3860 643 3906 nomen
676 3856 760 3924 pun,
795 3836 837 3918 ad
869 3838 961 3901 cuiun
996 3832 1095 3900 finem
1133 3855 1211 3898 vero
1245 3836 1308 3898 tria
1343 3847 1463 3927 puncta
1488 3837 1745 3901 animadvertere
1773 3835 1855 3901 milri
1883 3839 2014 3920 videor,
2053 3861 2149 3905 uuum

508 3972 682 4036 ¹superne,
717 3935 892 4015 secuudum
914 3969 935 4012 a
956 3950 1087 4012 aiuietro
1109 3943 1187 4012 Nun
1207 3944 1333 4012 litterae
1355 3950 1389 4010 iu
1412 3947 1518 4012 media
1535 3946 1641 4030 linea,
1678 3951 1807 4014 tertium
1832 3948 1917 4014 inlra
1938 3933 2071 4017 lineam.
2113 3949 2149 4016 lu

527 4063 590 4128 lroo
611 4065 698 4128 euim
723 4059 914 4128 vocabulum
936 4062 1004 4126 exit
1025 4063 1126 4158 prima
1147 4081 1220 4146 para
1241 4061 1471 4146 inscriptionis.
1520 4059 1557 4126 lu
1580 4060 1714 4150 reliquia
1735 4061 1817 4127 nihil
1836 4065 1923 4128 ineat
1943 4062 2151 4130 difficultatis.

427 4233 436 4255 ,
529 4208 572 4224 -
608 4171 700 4240 Dein
728 4177 761 4239 iu
788 4171 896 4261 lapide
918 4178 1029 4262 priato
1058 4173 1109 4254 (n.
1132 4194 1164 4258 p.
1186 4159 1268 4258 176)
1296 4169 1397 4238 lime
1424 4169 1530 4238 litat
1556 4195 1620 4240 uon
1643 4173 1711 4240 Jed
1730 4197 1802 4242 esee
1824 4175 1967 4256 ridetur,
1999 4191 2152 4264 utsupra

530 4289 640 4376 perui,
669 4288 727 4352 aed
749 4304 793 4364 ut,
830 4301 865 4350 ut
888 4309 918 4350 u.
941 4307 989 4372 pr.
1010 4283 1182 4371 legendum
1204 4289 1248 4348 ιίι
1267 4301 1367 4355 amun
1399 4285 1593 4372 (quinque).
1645 4283 1943 4376 Quomodocunqne
1966 4288 2027 4353 hoc
2048 4285 2150 4374 expli·

485 4415 488 4424 '
528 4399 637 4479 eahir,
660 4421 759 4464 uuum
780 4397 935 4477 obrervo,
966 4401 1063 4462 etiem
1083 4399 1167 4483 apud
1189 4396 1359 4463 Hebraeos
1381 4395 1539 4462 voeabula
1563 4419 1712 4464 numeror
1733 4399 1951 4487 significantia
1972 4401 2005 4465 in
2030 4420 2148 4466 uorum.

527 4516 658 4600 propria
686 4511 825 4591 abiiera,
862 4517 986 4603 111333)
1017 4517 1031 4574 1
1058 4509 1226 4588 samm,
1249 4517 1278 4574 1.
1314 4510 1425 4575 1Ριιι.
1451 4516 1488 4588 t,
1512 4515 1563 4575 13.
1601 4549 1644 4562 -
1689 4510 1842 4599 Denique
1863 4517 1895 4580 in
1918 4511 2025 4599 lapide
2046 4519 2148 4578 tertie

527 4625 626 4690 liuh
658 4628 691 4690 iu
722 4646 801 4690 voca
828 4627 985 4712 'tpbttaaa
1013 4621 1141 4689 Doletlt
1168 4623 1278 4706 (qnod
1309 4621 1515 4688 Hamalreruz
1547 4622 1612 4688 Atn
1648 4645 1722 4690 eene
1758 4629 1943 4712 putaverat)
1978 4595 2149 4690 mahliezto

528 4737 626 4804 hebet
654 4739 787 4804 eandem
816 4735 974 4802 nullumve
1005 4735 1090 4822 quod
1119 4757 1140 4799 a
1167 4736 1281 4800 dextre
1309 4739 1420 4822 capitia
1450 4738 1632 4824 dependere
1662 4737 1818 4816 debebat,
1855 4738 2032 4804 rainiatre
2059 4752 2149 4823 purte

528 4850 728 4938 dependens:
754 4851 785 4915 id
809 4852 893 4936 quod
916 4872 936 4914 a
957 4851 1112 4915 statuario
1134 4846 1282 4913 consulto
1303 4851 1348 4912 ita
1369 4849 1486 4914 factum
1512 4872 1583 4916 ersa
1606 4872 1792 4938 persuasum
1814 4865 1862 4914 ert
1884 4849 2000 4913 iccirco
2023 4851 2106 4937 quod
2130 4873 2149 4914 a
2271 4893 2283 4914 .

530 4963 644 5028 dextra
666 4978 754 5050 parte
776 4967 916 5051 epatium
939 4963 1049 5028 deerat
1078 4977 1110 5026 et
1140 4961 1344 5026 metuendum
1375 4975 1460 5041 erat,
1503 4987 1542 5028 ue
1574 4961 1690 5029 collum
1714 4964 1890 5027 istudeant
1915 4959 1997 5026 Beth
2022 4961 2166 5046 litterae

529 5081 631 5160 eapite
653 5075 826 5144 collideret.

659 5239 734 5326 Peg.
764 5183 836 5308 tel.
888 5239 937 5307 Ad
969 5257 1067 5334 aaran
1104 5239 1234 5306 Vaterir
1262 5237 1461 5304 Testamenti
1491 5238 1700 5315 illustranda,
1736 5258 1817 5323 queo
1850 5254 2055 5306 monumenta
2097 5237 2148 5304 vel
2193 5273 2198 5290 ·

528 5350 639 5416 conica
663 5349 713 5414 vel
737 5351 870 5418 obelisci
893 5356 1032 5438 speciem
1053 5353 1211 5418 imitantia
1233 5351 1334 5416 suinae
1358 5352 1503 5420 videntur
1525 5351 1577 5434 (ι.
1601 5347 1700 5416 Thea.
1723 5348 1750 5430 l,
1766 5355 1869 5439 tan),
1899 5351 2014 5441 quibua
2025 5352 2148 5420 litterae
