4902 6306
912 617 1340 688 raserurrn
1486 717 1492 756 1
1835 617 1937 706 xus

310 810 452 908 Koppii
484 821 525 884 ct
552 805 770 904 Lindlrcrgii
802 807 1028 908 alphabetis,
1073 831 1170 909 quae
1199 811 1437 910 superiorum
1469 809 1582 886 facile,
1610 809 1933 908 praestantissuua
2032 893 2036 898 ,

310 952 401 1014 sunt
423 940 484 1037 (p.
503 941 561 1012 ld.
580 941 666 1034 ll),
694 961 914 1037 comparare
937 937 1079 1014 volem.

436 1069 589 1164 Praeter
612 1068 756 1142 litteras
779 1067 1000 1144 Phoenicias
1022 1081 1063 1142 et
1087 1067 1305 1142 Numidicas
1329 1069 1443 1142 etiam
1460 1066 1695 1164 Libycarum
1719 1067 1929 1142 litterarum

309 1198 529 1287 rationibus,
545 1219 641 1295 quae
657 1193 848 1296 hucusque
859 1221 1013 1297 prorsus
1028 1203 1243 1298 incognitae
1257 1210 1375 1287 erant,
1390 1195 1637 1295 expediendis
1653 1220 1807 1294 operam
1825 1194 1929 1270 dedi-

306 1349 396 1402 mus
409 1349 488 1402 non
498 1328 644 1402 irritam
664 1325 724 1424 (p.
743 1333 815 1402 192
830 1349 909 1428 sqq.
924 1335 1001 1405 459
1014 1330 1110 1428 sqq.)
1127 1351 1343 1425 novumque
1356 1339 1395 1400 et
1408 1327 1650 1402 memorabile
1666 1325 1816 1422 aliquod
1829 1326 1929 1398 litte-

306 1469 460 1534 raturae
467 1479 588 1554 genus
602 1457 645 1532 in
659 1455 780 1531 lucem
796 1461 1065 1556 protraximus,
1084 1461 1125 1534 in
1141 1462 1246 1533 ouius
1261 1455 1462 1553 originibus
1478 1467 1517 1530 et
1530 1455 1684 1530 historia
1697 1453 1929 1533 illustrandis

305 1589 387 1662 ianr
410 1607 522 1686 porro
546 1579 740 1684 ingenium
769 1605 974 1664 exerceant
997 1587 1275 1686 Palaeograplri.
1328 1583 1450 1674 Quam
1478 1585 1776 1682 disputationem
1798 1585 1830 1658 si
1845 1585 1928 1681 quis

305 1739 331 1792 a
355 1727 484 1790 nostm
510 1727 611 1790 certe
632 1718 787 1794 consilio
803 1719 966 1794 alienam
985 1731 1114 1818 putet,
1139 1720 1344 1816 isreputet
1359 1717 1495 1804 velim,
1521 1714 1702 1810 Libycam
1725 1711 1928 1808 Tuggensis

305 1845 558 1944 inscriptionis
579 1859 728 1945 partem
748 1847 849 1924 adeo
860 1849 901 1922 in
916 1849 1057 1924 Punica
1073 1849 1155 1922 eius
1166 1861 1275 1945 parte
1289 1845 1447 1944 legenda
1463 1845 1647 1941 huiusque
1661 1855 1773 1918 textu
1790 1841 1927 1916 cunsti-
2044 1877 2047 1882 ¹

306 1975 448 2050 mendo
462 1994 623 2072 magnae
636 1977 792 2054 utilitati
807 1979 933 2054 fuisse.
976 1979 1174 2056 Praeterea
1188 1989 1315 2051 autem
1330 1989 1459 2050 nostra
1473 1976 1666 2064 intererat,
1691 1991 1796 2047 novo
1813 1982 1928 2068 atque

304 2105 496 2180 luculento
517 2104 590 2180 huc
614 2107 823 2206 specimine
846 2108 1049 2192 lectoribus
1074 2121 1302 2198 monstrare,
1329 2129 1404 2206 qua
1421 2107 1568 2182 ratione
1584 2127 1656 2178 nos
1673 2104 1712 2176 in
1735 2103 1927 2198 signorum

303 2235 518 2332 ignotorum
530 2215 721 2334 'potestate
739 2237 955 2334 indaganda
971 2240 1030 2312 usi
1045 2263 1229 2314 essemus:
1252 2261 1348 2337 quae
1362 2235 1513 2333 quidem
1533 2234 1693 2310 omnino
1705 2229 1838 2306 eadem
1856 2240 1926 2320 est,

307 2366 450 2462 qua-in
474 2367 642 2442 numeris
664 2367 801 2464 ignods
827 2365 1050 2466 quaerendis
1074 2381 1234 2443 ntuntrrr
1262 2365 1537 2454 mathematici,
1577 2377 1621 2438 ut
1645 2363 1696 2438 ab
1714 2361 1793 2450 hu,
1828 2381 1926 2456 quae

305 2493 394 2568 data
416 2494 513 2584 u'nt,
538 2497 814 2592 proficiscentes
839 2521 886 2572 oa
911 2496 1135 2594 colligendo,
1161 2495 1427 2596 consponendo
1446 2495 1651 2568 etinterse
1666 2486 1940 2588 cuurpnraudo¹

305 2623 354 2698 ad
380 2625 512 2720 ignota
533 2625 797 2723 investiganda
819 2628 1047 2725 perveniunt
1072 2628 1140 2725 (cl.
1158 2627 1256 2702 lib.l
1283 2625 1316 2726 ξ.
1336 2626 1426 2722 11).’
1470 2621 1645 2698 Ceterum
1662 2619 1752 2718 quid
1771 2639 1930 2708 caussam¹
1962 2621 1966 2630 '

303 2753 369 2842 sit,
409 2749 511 2858 quod
547 2729 827 2830 commentariis
854 2755 912 2830 de
944 2757 1236 2855 Palaeograplria'
1269 2756 1469 2830 Phoenicia
1501 2752 1594 2828 alios
1628 2751 1701 2824 etsi
1729 2747 1926 2822 breuiores

303 2879 352 2954 dc
377 2881 668 2984 Palaeograplria
694 2897 911 2984 comparata
933 2887 1019 2980 (lib.
1042 2887 1061 2960 l
1083 2885 1117 2985 ξ.
1139 2891 1307 2960 44-55
1329 2897 1369 2959 et
1392 2883 1585 2959 corollaria
1603 2877 1652 2954 ad
1668 2875 1723 2978 qq.
1743 2875 1921 2968 12-32)

303 3009 580 3103 addiderimus,
612 3012 654 3088 id
679 3015 779 3090 inira
804 3017 993 3114 copiosius
1020 3014 1252 3114 disputatum
1276 3015 1364 3111 (lib.
1378 3015 1396 3088 1
1412 3012 1445 3114 5.
1462 3014 1535 3109 44)
1561 3010 1633 3084 hoc
1653 3009 1735 3084 loco
1748 3015 1922 3104 repetere

303 3161 382 3214 non
404 3142 549 3216 anicet
815 3194 818 3203 ·
1085 3215 1087 3220 ,
1162 3163 1170 3184 “
1680 3197 1683 3202 -
1823 3223 1826 3230 .

318 3327 321 3332 .
427 3274 462 3342 q,
513 3267 688 3366 Denique
709 3284 755 3345 ut
777 3273 987 3348 inamata
1003 3271 1070 3346 illa
1085 3270 1133 3346 de
1149 3268 1375 3346 murmur
1390 3269 1630 3368 Persicaeque
1643 3266 1801 3362 liuguae
1812 3259 1921 3356 facio

304 3399 561 3472 controversia
584 3397 745 3480 tandem
767 3411 808 3472 ct
834 3396 950 3474 rasel
971 3413 1279 3499 componeretur,
1316 3401 1504 3499 duplicem
1537 3399 1642 3472 viam
1669 3407 1708 3469 et
1732 3394 1922 3468 rationem

300 3526 583 3624 ingrediendam
613 3529 845 3625 petruvinus.
896 3527 982 3603 Una
1005 3541 1106 3620 erat,
1136 3521 1182 3604 ¹ut
1205 3531 1483 3620 ostenderetur,
1513 3531 1554 3603 in
1572 3524 1830 3602 monumentis
1842 3541 1921 3594 non

299 3657 422 3732 solum
463 3656 672 3732 Phoenicis
713 3669 753 3732 et
792 3655 944 3732 Persicis
981 3656 1048 3732 scd
1088 3661 1202 3734 etiam
1250 3658 1466 3734 dlrmr'rlrcir
1508 3659 1694 3755 (quarum
1737 3650 1919 3726 dialectos

298 3787 394 3860 viris
428 3784 547 3861 doctis
580 3785 772 3884 hucusque
813 3789 1006 3884 incognita
1038 3787 1156 3884 fuit)'
1180 3802 1282 3862 certo
1322 3801 1361 3862 et
1397 3787 1565 3884 legitimo
1597 3784 1722 3860 modo.
1742 3780 1848 3854 lectis
1880 3789 1920 3850 et

298 3915 501 4012 explicatis
532 3935 613 3990 uon
641 3915 756 3992 alianr
791 3915 958 4014 linguae·
975 3919 1136 4016 speciem
1161 3917 1336 4017 reperiri,
1369 3939 1482 4014 quam
1509 3937 1605 4013 quae
1630 3935 1716 3988 cun
1742 3908 1919 3984 Hebraea

299 4067 374 4146 per
393 4045 522 4120 omnia
546 4045 630 4120 fcre-
651 4047 892 4135 conveniret,
914 4059 1026 4144 atque
1049 4057 1198 4122 tantum
1221 4069 1299 4122 non
1325 4047 1471 4136 omnia,
1496 4065 1593 4142 quae
1612 4065 1682 4142 pro
1697 4037 1920 4126 salumin,

162 4187 168 4196 “
299 4175 518 4269 Syriasruis,
552 4174 871 4250 Samaritsnismis
894 4175 1093 4250 venditata
1114 4189 1259 4268 essent,
1285 4177 1381 4252 falsa
1405 4175 1540 4250 hmrnn
1564 4172 1854 4272 epigrapharurn
1880 4180 1920 4240 et

299 4303 459 4378 remae
491 4316 532 4378 a
562 4306 881 4404 normanum·
896 4307 984 4380 me:
1020 4305 1123 4404 qaeu
1148 4319 1234 4382 aa
1255 4307 1456 4406 aponum
1484 4305 1571 4401 (rra
1586 4303 1639 4377 ιν
1661 4299 1694 4401 q.
1714 4309 1748 4375 a
1765 4299 1811 4397 e)
1836 4310 1926 4374 tum.

298 4434 467 4509 renim
492 4433 539 4522 in,
559 4433 651 4532 ipsis
675 4437 958 4510 commentariis
982 4457 1007 4510 s
1029 4437 1138 4511 nobis
1161 4436 1303 4510 motum
1330 4449 1397 4510 est.
1448 4433 1598 4525 Altera,
1628 4443 1674 4508 ut
1690 4428 1919 4508 exaestuatis

298 4573 339 4636 et
353 4562 551 4662 explicatis
567 4563 700 4639 ceteris
712 4565 864 4662 linguas
872 4563 1340 4674 lJloenioiaePuaicoeque
1352 4565 1528 4662 reliquiis,
1542 4585 1639 4661 qnae
1653 4559 1756 4660 apud
1770 4569 1918 4634 veteres

298 4693 496 4790 scriptores
510 4705 687 4768 termas
697 4707 797 4788 sunt,
807 4693 1013 4784 tuamor,
1029 4696 1145 4770 etiarn
1161 4693 1229 4770 has
1245 4717 1322 4770 non
1338 4697 1451 4773 adam
1465 4695 1615 4790 linguae
1631 4693 1793 4768 lurrnans
1807 4685 1922 4760 nolu

296 4822 450 4898 referre.
501 4821 615 4898 Hanc
639 4825 759 4920 igitm
775 4825 828 4898 elo
851 4843 1018 4930 ssusmm
1047 4827 1154 4924 operi
1177 4839 1307 4902 nostro
1329 4839 1485 4924 quartus
1504 4825 1599 4899 liber
1618 4817 1920 4896 scursonem

297 4975 401 5027 mere
431 4949 652 5050 philologici
674 4956 902 5050 argumenti,
935 4955 1016 5051 qui,
1048 4969 1311 5054 praeterquam
1338 4956 1445 5055 quod
1461 4957 1572 5030 illurn·
1589 4953 1641 5028 de
1661 4969 1740 5047 quo
1749 4945 1917 5025 dixirim

299 5102 466 5156 errorem
489 5081 688 5162 refelleret
705 5081 768 5178 (id
789 5085 892 5161 cultu
915 5085 986 5160 rix
1011 5095 1141 5158 tantae
1168 5087 1281 5162 malls
1305 5089 1428 5182 erat),
1470 5106 1601 5160 omnes
1633 5081 1744 5154 huius
1768 5077 1917 5174 linguae

296 5208 483 5308 reliquae,
508 5225 693 5312 quotquot
705 5225 873 5288 amnem·
884 5214 1067 5305 tulissent,
1093 5210 1320 5294 collectaeet
1334 5215 1385 5290 ad
1401 5215 1580 5308 originem
1598 5209 1917 5306 domesticamque

296 5340 746 5438 scriptoramrerocmos
771 5341 986 5435 moeret,
1020 5358 1064 5420 ut
1089 5365 1141 5418 ex
1165 5356 1324 5442 atroque
1351 5341 1421 5450 hoc
1448 5343 1555 5419 lente
1580 5365 1674 5418 vera
1698 5355 1736 5418 at
1753 5340 1924 5436 genuina.
