4992 6292
517 637 593 714 112
636 629 768 700 atera
780 627 1030 702 securibus.
1056 625 1394 696 lNSGlllP'PlONES
1409 627 1693 696 PHOENICIAE.
1717 627 1865 698 catur
1879 629 2139 701 SECUNDUM.

514 835 563 890 tot
590 817 727 897 seculis,
766 831 931 903 postquam
962 819 996 882 in
1030 813 1168 882 Atticam
1198 829 1347 902 receptae
1379 817 1468 896 siut,
1507 815 1751 882 Phoeniciaram
1787 816 1965 884 litterarum
1993 823 2139 906 peritiam

518 934 634 1002 sedum
656 953 749 998 usum
771 929 882 996 fuisse
926 926 1113 1014 Gephyraei
1134 930 1220 994 enim
1242 949 1285 996 ex
1304 929 1431 994 Eretria
1446 927 1600 994 Euboeae
1615 928 1666 994 vel
1680 949 1725 996 ex
1741 928 1894 1018 'l'ansgra
1906 930 2063 1000 boeotiae
2075 937 2140 1000 ima

518 1061 594 1112 ante
617 1043 818 1112 Eleusiniam
840 1039 959 1108 bellum
982 1044 1018 1106 iu
1039 1039 1180 1108 Atticam
1201 1045 1322 1127 recepti
1343 1042 1506 1116 videntum
1538 1041 1734 1108 Phoenicum
1755 1058 1861 1110 autem
1883 1059 2023 1132 gestuum
2048 1065 2140 1134 quam

518 1173 643 1224 constat
672 1153 814 1240 Neptuni
842 1155 1056 1220 sacerdotium
1085 1154 1149 1218 sibi
1178 1157 1356 1219 vindicasse
1384 1157 1433 1238 ⁴),
1470 1153 1636 1240 probabile
1669 1168 1718 1220 est
1753 1158 1787 1220 in
1816 1156 1955 1223 Atticam
1983 1181 2047 1226 aon
2076 1157 2140 1226 alio

519 1285 661 1354 tempore
692 1269 837 1347 venisse,
874 1287 967 1352 quam
997 1287 1060 1351 qno
1091 1263 1155 1329 aliu
1185 1254 1381 1332 Phoenicum
1411 1289 1491 1354 gens
1512 1265 1660 1333 Rhodum
1682 1267 1857 1354 appulerit,
1896 1273 1930 1334 in
1952 1295 2014 1359 qua
2034 1271 2141 1337 insula

521 1381 664 1467 Neptuni
687 1379 837 1467 templum
869 1377 1014 1444 condidit
1043 1391 1074 1442 et
1095 1375 1237 1462 Neptuni
1258 1380 1437 1445 sacerdotio
1458 1379 1654 1444 hereditario
1681 1379 1893 1467 fungebatur3
1932 1382 2012 1448 baec
2035 1383 2139 1453 antem

517 1493 715 1558 Phoenicum
737 1514 817 1578 gens
840 1514 912 1557 oum
935 1494 1059 1562 Cadmo
1080 1498 1208 1560 venisse
1229 1495 1263 1556 in
1288 1490 1437 1558 Rhodum
1458 1490 1597 1557 insulam
1619 1491 1794 1558 ferebatur.
1844 1493 1955 1582 ltaque
1978 1499 2141 1582 utriusque

516 1609 622 1695 gentis
645 1619 677 1671 ct
698 1603 960 1690 Gephyraeorum
988 1622 1020 1674 et
1049 1607 1246 1673 Phoenicum
1268 1607 1301 1669 in
1322 1603 1460 1704 Atticam
1483 1606 1640 1670 adventus
1662 1607 1703 1670 ad
1724 1603 1872 1672 fabulosa
1895 1620 2038 1694 tempora
2060 1609 2141 1672 rese·

516 1721 645 1785 rendus.
703 1713 811 1782 Tanta
845 1738 922 1782 vero
959 1721 1110 1805 temporis
1146 1716 1401 1802 intercarpedine
1430 1717 1598 1781 interiecta
1626 1739 1691 1782 nou
1722 1721 1901 1804 potuissent
1930 1718 1993 1784 hae
2028 1735 2141 1808 gentes

514 1833 708 1902 Phoenicius
728 1829 858 1916 liuguae
880 1853 974 1898 usum
995 1845 1029 1896 et
1052 1834 1199 1916 peritiam
1220 1831 1377 1907 retinere,
1399 1831 1461 1894 nisi
1477 1844 1630 1915 perpetuo
1644 1845 1770 1916 praeter
1787 1829 1961 1918 religiones
1974 1846 2140 1918 separatas

516 1948 613 2012 etiam
635 1945 800 2010 distinctas
822 1943 863 2010 ub
886 1941 1017 2030 reliquis
1037 1941 1294 2008 Atheniensibus
1316 1961 1368 2006 res
1390 1941 1582 2008 domesticae
1604 1955 1637 2006 et
1656 1941 1796 2008 familias
1818 1941 2023 2024 habuissent,
2044 1945 2077 2010 id
2092 1960 2141 2012 est

517 2061 580 2126 uisi
611 2055 770 2124 connubia
799 2053 888 2120 nulla
914 2054 981 2122 illis
1007 2055 1156 2142 gentibus
1179 2077 1251 2120 cum
1274 2052 1407 2139 reliquis
1428 2052 1675 2120 Atheniensium
1705 2055 1860 2135 luissent,
1895 2078 2030 2144 quorum
2058 2055 2140 2122 nihil

517 2167 683 2238 credibile.
725 2165 810 2234 Nam
832 2189 904 2234 cum
926 2189 970 2232 ex
990 2166 1192 2254 Gephyraeis
1214 2167 1429 2234 Harmodium
1451 2180 1483 2230 et
1496 2165 1752 2254 Aristogitonem
1766 2181 1823 2234 ant
1836 2167 1924 2234 hunc
1938 2183 2024 2234 certe
2037 2169 2140 2236 fnisse

517 2295 641 2352 constat
669 2279 811 2360 (Herod.
833 2277 855 2343 l.
878 2281 940 2366 u),
970 2283 1049 2346 satis
1072 2293 1161 2367 patet
1181 2278 1342 2346 connubia
1364 2277 1415 2344 his
1432 2281 1619 2364 promiscua
1638 2301 1712 2346 cunt
1732 2267 1864 2367 reliquis
1887 2281 2140 2348 Atheniensibus

517 2397 636 2470 luissa3
672 2391 852 2460 Phocaicae
881 2405 1007 2474 autem,
1045 2415 1125 2480 quos
1157 2393 1197 2458 de
1227 2393 1406 2458 sacerdotio
1438 2388 1582 2477 Neptuni
1612 2414 1686 2458 oum
1718 2392 1971 2460 Phalerensibus
2002 2408 2141 2460 certasse

518 2511 653 2588 scimus,
688 2508 734 2572 itu
763 2519 903 2572 centauro
932 2519 966 2570 ut
995 2507 1057 2592 ipsi
1086 2502 1167 2570 illud
1194 2502 1258 2569 sibi
1279 2519 1430 2592 tauquam
1452 2502 1652 2590 gentilicium
1676 2507 1897 2586 vindicarent,
1928 2505 2141 2586 Phalerepses

519 2635 625 2686 autem
645 2619 687 2686 ed
707 2638 849 2706 paganos
871 2639 983 2684 ornnes
1003 2620 1165 2714 pertinere
1188 2618 1434 2696 contenderent,
1464 2615 1632 2702 probabile
1654 2632 1723 2699 est,
1755 2617 1934 2684 Phoenicas
1955 2622 2054 2706 igitur
2076 2621 2142 2684 iam

517 2734 606 2800 haec
619 2753 686 2800 utta
705 2733 861 2800 memoria
882 2733 1001 2796 evincit
1019 2752 1060 2795 ne
1080 2728 1254 2816 religiones
1273 2730 1401 2816 quidem
1416 2750 1437 2792 a
1459 2725 1593 2815 reliquis
1607 2729 1863 2796 Atheniensibus
1877 2729 2031 2796 habuisse
2046 2729 2141 2818 plane

518 2848 699 2917 distinctas.
727 2881 765 2894 -·
809 2841 914 2930 Atque
943 2845 990 2908 ita
1017 2841 1155 2908 debebat
1181 2855 1323 2908 statuero
1352 2843 1449 2906 etiarn
1477 2843 1583 2928 isqui
1605 2841 1811 2908 Phoeniciam
1834 2846 1992 2930 originem
2013 2846 2141 2930 utrique

484 2955 487 2960 ’
518 2961 608 3046 genti
629 2957 801 3030 tribuerem
832 2957 889 3022 sed
912 2953 1112 3042 Gephyraeis
1135 2957 1304 3040 quominus
1325 2975 1396 3018 eam
1422 2955 1580 3040 originem
1601 2953 1743 3036 tribuas,
1765 2957 1978 3042 gravissimae
1998 2957 2142 3022 rationes

519 3072 667 3138 videntur
695 3067 904 3136 intercedere.
952 3067 1095 3134 Primum
1114 3070 1201 3132 enim
1231 3066 1417 3132 Herodotus
1446 3068 1516 3152 ipse
1549 3087 1622 3132 cum
1649 3065 1730 3132 haec
1756 3081 1871 3154 ponat,
1885 3071 1941 3151 (t,
1966 3067 2026 3152 57)
2056 3067 2085 3134 oi
2107 3069 2143 3134 dl

520 3187 707 3270 Γεφυραῖοι,
732 3175 773 3256 ὡς
792 3179 850 3263 μὲν
874 3178 968 3245 udrol'
983 3179 1141 3264 λέγουσιν,
1172 3176 1345 3264 ἐγεγόνεσαν
1367 3179 1399 3256 ἔξ
1418 3177 1575 3267 Ἐρετρίης
1594 3177 1650 3264 τήν
1672 3177 1791 3266 ἀρχήν,
1820 3176 1863 3258 ὡς
1884 3179 1919 3245 δὲ
1932 3177 1992 3265 dyul
2005 3179 2142 3248 tranu-

521 3293 695 3378 θανόμενος
722 3287 869 3376 εὑρίσκω,
908 3289 981 3356 l‘uuu
1012 3293 1152 3368 Φοίνικες
1179 3297 1242 3356 τῶν
1272 3291 1327 3358 σὺν
1348 3292 1471 3380 Κάδμῳ
1493 3291 1685 3376 ἀπικομένων
1709 3295 1880 3374 Φοινίκων,
1918 3295 1996 3358 satis
2017 3293 2142 3379 probat,
2212 3319 2215 3324 ·

521 3403 1015 3490 Phoeniciumllephpraeorum
1038 3406 1195 3490 originem
1218 3427 1282 3470 non
1306 3426 1475 3472 exterum
1503 3403 1568 3471 fide
1587 3406 1628 3472 ab
1651 3428 1687 3474 se
1706 3408 1848 3484 narrari,
1876 3407 1934 3470 sed
1959 3406 2142 3470 coniectura

521 3535 552 3586 et
584 3521 735 3606 opinione
772 3519 832 3582 uiti
861 3519 929 3582 sive
959 3536 1020 3581 sua
1047 3519 1177 3601 pr'opria
1205 3520 1274 3582 sive
1303 3539 1375 3584 oum
1403 3517 1476 3584 aliis
1497 3521 1678 3598 communi,
1713 3531 1747 3582 et
1766 3538 1826 3582 suo
1848 3517 1975 3602 quidem
1999 3530 2142 3602 tempore

521 3631 642 3700 nullam
663 3633 734 3694 eius
758 3630 893 3716 originis
916 3626 1117 3714 Gephyraeis
1139 3631 1220 3717 ipsis
1240 3629 1342 3697 luisse
1357 3635 1562 3707 memorium
1592 3645 1686 3716 atque
1702 3650 1741 3694 eo
1756 3621 2142 3714 dominereprehenditnr

521 3769 541 3812 a
568 3742 741 3812 Plutarcho
770 3743 829 3828 (de
858 3739 992 3829 malign.
1020 3739 1143 3808 Herod.
1166 3763 1194 3806 c.
1215 3748 1289 3827 23).
1331 3742 1417 3808 Dein
1448 3740 1491 3808 0.
1513 3739 1692 3808 Muellerus
1718 3738 1893 3826 (Orchom.
1915 3743 1995 3827 tte)
2021 3740 2142 3828 aliquot

521 3859 718 3944 argumentis
739 3876 810 3920 cum
826 3856 967 3920 maxime
983 3853 1022 3918 ad
1038 3855 1293 3941 persuadendum
1310 3857 1436 3922 idoneis
1448 3852 1656 3920 Phoenicium
1669 3873 1796 3918 omnem
1812 3852 2024 3920 Cadmeomm
2044 3856 2142 3941 origi·

521 3991 595 4036 neru
609 3968 741 4034 dubiam
757 3981 790 4034 et
804 3965 1025 4034 incredibilem
1040 3969 1144 4032 evicit.
1177 4005 1221 4014 —-
1257 3965 1350 4046 Quae
1372 3968 1531 4054 disputavi
1546 3967 1574 4030 si
1588 3962 1725 4052 probant
1739 3967 1965 4057 inscriptiones
1980 3965 2142 4054 bilingues

522 4081 597 4148 illus
624 4101 690 4147 nou
717 4101 813 4168 posse
844 4081 1011 4166 nequead
1041 4077 1301 4168 Gephyrueorum
1323 4099 1426 4164 neque
1448 4079 1490 4144 ud
1511 4077 1707 4144 Phoenicum
1737 4076 1875 4165 gentiles
1902 4078 2031 4158 referri,
2065 4079 2142 4164 quid

522 4191 681 4282 reliquum
716 4206 765 4258 cst
797 4194 862 4258 nisi
897 4205 932 4258 ut
965 4213 1020 4258 eas
1051 4213 1071 4256 a
1104 4190 1320 4258 Phoenicibus
1355 4203 1498 4276 repetas,
1543 4193 1598 4279 qui
1636 4193 1670 4256 in
1699 4189 1806 4256 Attica
1840 4191 1891 4255 rel
1927 4205 1963 4256 ut
1992 4189 2142 4276 inquilini

521 4306 699 4392 (μέτοικοι)
734 4301 788 4370 vel
817 4317 851 4369 ut
880 4307 1060 4392 municipes
1091 4304 1272 4387 (isauricis)
1305 4301 1356 4368 vel
1384 4324 1442 4389 per
1470 4317 1595 4390 tempus
1624 4317 1660 4368 ut
1686 4306 1847 4390 peregrini
1882 4303 1998 4389 (ξένοι)
2025 4301 2142 4389 reliqui

521 4416 718 4484 domicilium
747 4417 939 4502 posueranti
976 4415 1012 4480 ld
1040 4428 1148 4478 autam
1177 4417 1402 4502 inscriptiones
1432 4419 1521 4502 ipsae
1552 4415 1655 4481 multo
1683 4419 1779 4481 etiam
1811 4419 1913 4503 magis
1941 4413 2140 4481 confirmant.

522 4529 605 4597 Nam
636 4528 829 4594 Numenium
861 4529 1054 4606 Ostiensem,
1089 4524 1326 4611 Artemidorum
1355 4526 1524 4594 Heliodori
1556 4529 1741 4608 Sidonium,
1778 4527 1903 4592 lrenern
1940 4526 2140 4614 Byzantium,

525 4642 641 4732 quibus
671 4657 736 4707 tres
767 4643 849 4728 cippi
879 4643 1055 4706 consecrati
1086 4653 1177 4720 sunt,
1214 4643 1277 4704 iam
1308 4641 1415 4704 addite
1443 4644 1616 4728 patriarum
1646 4639 1772 4706 urbium
1797 4643 1927 4706 nomina
1946 4640 2083 4726 probant
2111 4655 2145 4706 et

523 4761 610 4822 cives
637 4756 761 4820 Atticos
792 4751 881 4819 nullo
904 4755 1000 4822 modo
1022 4773 1093 4818 esse
1116 4754 1278 4838 potuisse,
1308 4767 1340 4817 et
1361 4752 1512 4820 debuisse
1536 4757 1625 4842 ipsos
1648 4754 1794 4832 demum,
1825 4773 1927 4840 neque
1944 4754 2014 4816 iam
2035 4765 2143 4836 patres

522 4866 573 4930 vel
604 4889 681 4932 avos
710 4865 776 4930 illis
803 4885 846 4929 ex
875 4863 1008 4930 urbibus
1030 4862 1174 4929 Athenas
1195 4869 1317 4932 vauiru.
1360 4865 1509 4954 Denique
1531 4865 1710 4931 Phoenicas
1739 4862 1876 4928 Athesis
1905 4880 1940 4926 ot
1967 4861 2143 4949 inquilinos

524 5001 586 5044 non
610 5001 729 5066 paucos
751 4980 870 5042 vixisse
892 4989 1091 5042 mercaturae
1113 4997 1209 5044 causa
1231 4978 1339 5065 ibique
1362 4977 1413 5043 vel
1432 4976 1586 5043 sodalicia
1601 4978 1756 5064 quaedam
1778 4973 1966 5064 (συνόδους,
1989 4973 2141 5060 θιάσους)

522 5094 726 5156 constituisse
749 5088 901 5155 credibile
924 5103 981 5155 est.
994 5097 1017 5131 “
1758 5100 1766 5111 ’

573 5343 600 5413 *)
618 5344 690 5400 Vide
709 5345 839 5402 Dinarchi
855 5347 1023 5414 orationem,
1054 5347 1088 5400 de
1107 5363 1159 5414 qua
1177 5345 1276 5400 dictum
1294 5354 1335 5400 est
1352 5359 1412 5417 psg.
1429 5345 1476 5396 111
1495 5349 1553 5395 not.
1572 5341 1607 5406 *).
