4922 6300
680 643 798 715 uum
818 645 1070 715 encamcas
1093 645 1324 715 caerulea.
1365 645 1573 718 urruns.
1798 651 1938 726 ‘aas
2061 629 2063 638 ’

314 835 515 902 venandum.
559 831 733 912 Quaeritur
753 851 878 917 antem,
900 839 933 902 in
956 859 1052 924 quam
1073 841 1265 908 sententiam
1286 840 1472 924 accipienda
1488 841 1531 903 sit
1544 833 1698 904 lcrmnla:
1719 845 1826 902 soter
1843 833 1941 902 Sido-

313 955 450 1028 simu,
474 969 568 1036 quam
591 967 652 1036 ego
675 947 737 1030 (ad
759 951 825 1016 Jes.
843 957 895 1029 23,
912 957 953 1034 2)
976 945 1197 1016 reddideram:
1221 953 1410 1037 metropolis
1426 947 1636 1016 Sidoniorum
1649 953 1671 1014 i.
1685 971 1715 1014 e.
1729 947 1940 1029 Phoenicum,
2008 933 2012 960 ⁸

311 1059 451 1126 Hamak.
467 1075 579 1126 contra
592 1061 745 1148 (Miscell.
757 1084 788 1149 p.
798 1069 873 1146 147)
892 1063 1055 1150 explicare
1069 1063 1226 1130 malebat:
1249 1063 1580 1130 nunter'St'dont‘orttss
1595 1066 1735 1150 (proprie
1749 1063 1938 1142 dictorum):

311 1196 405 1262 quam
419 1177 637 1261 quaestionem
653 1173 761 1262 paullo
772 1173 870 1242 altius
885 1191 1028 1262 repetere
1045 1175 1161 1262 placet,
1177 1179 1222 1240 its
1237 1179 1384 1263 quidem,
1406 1191 1441 1241 ut
1463 1199 1538 1257 eos,
1561 1181 1614 1263 qui
1635 1173 1780 1263 singulos
1795 1178 1941 1240 veterum

310 1285 401 1353 locos
415 1288 505 1354 adire
519 1289 658 1373 cupiant,
675 1289 873 1354 remittamus
887 1289 928 1354 ad
944 1290 1070 1354 doctam
1086 1292 1157 1354 eius
1172 1291 1220 1352 rei
1235 1291 1469 1374 expositionem
1484 1291 1568 1375 apud
1577 1289 1696 1354 Erech.
1707 1287 1940 1374 spanhemium
2012 1313 2027 1350 c

313 1400 353 1464 de
374 1421 434 1464 nau
457 1414 490 1464 et
509 1402 706 1486 praestantia
727 1404 955 1466 numismatum
977 1399 1005 1482 l,
1021 1423 1052 1487 p.
1071 1408 1132 1468 568
1149 1423 1218 1488 sqq.
1242 1415 1275 1465 et
1287 1399 1471 1466 Eclrbel'D.
1487 1399 1528 1466 Νι
1547 1399 1595 1496 ly
1610 1423 1640 1489 p.
1658 1407 1718 1468 275
1735 1424 1803 1488 sqq.
1843 1400 1939 1485 Apud

312 1511 505 1578 Phoenicioa
525 1515 624 1599 igitur
645 1527 690 1582 tttt
712 1513 798 1604 (etp)
819 1523 936 1596 soter,
959 1517 1044 1602 quod
1065 1515 1237 1602 respondet
1259 1523 1374 1600 graeco
1395 1512 1586 1599 μητρόπολις
1606 1519 1640 1580 iu
1663 1517 1768 1579 neuris
1790 1515 1941 1600 frequen·

312 1626 488 1704 tutissimo,
511 1625 594 1690 haud
617 1626 714 1691 dubie
735 1629 897 1714 propriam
921 1641 954 1692 et
976 1631 1115 1694 nativam
1129 1625 1399 1714 significationem
1415 1625 1555 1693 habebat
1568 1627 1658 1692 nrbis
1673 1630 1837 1712 autiquae,
1858 1645 1940 1712 quae

312 1735 449 1803 coloniis
478 1737 623 1804 deductis
655 1737 793 1806 alisrdm
825 1741 993 1808 civitatum
1021 1741 1182 1808 conditrix
1210 1757 1305 1830 atque
1335 1741 1547 1807 materiante
1568 1753 1671 1819 esset,
1702 1753 1782 1804 et'a
1807 1737 1938 1803 filiabus
2043 1747 2047 1754 '

312 1872 338 1916 s.
366 1847 502 1916 coloniis
532 1853 674 1936 parentis
700 1854 802 1938 instpr
830 1851 1001 1918 coleretur.
1053 1853 1095 1918 Et
1126 1853 1233 1938 'l’yrns
1270 1871 1303 1920 et
1333 1856 1433 1920 Sidou
1465 1852 1526 1919 hoc
1555 1851 1739 1940 significatu
1766 1849 1938 1916 multarum
1979 1931 1995 1959 s

313 1961 440 2048 arbium
479 1977 597 2028 matres
636 1967 743 2030 vocari
779 1981 926 2052 poterant
954 1971 984 2050 *)
1021 1965 1199 2054 similisque
1227 1991 1306 2033 usus
1336 1969 1420 2054 apud
1449 1965 1621 2031 Hebraeos
1648 1976 1737 2042 erat,
1775 1963 1832 2028 uhi
1860 1963 1937 2028 urhe

312 2074 402 2142 Abel
427 2073 605 2142 honorifice
635 2091 668 2141 et
695 2080 748 2164 pia
777 2077 954 2166 appellatur
982 2081 1111 2174 ispius
1135 2097 1194 2169 nur
1219 2097 1273 2168 aar
1303 2081 1381 2146 arde
1402 2089 1436 2145 et
1458 2089 1563 2148 stater
1583 2083 1620 2144 tn
1641 2077 1772 2143 Irraal'e
1806 2083 1826 2140 2
1850 2075 1937 2139 Sura.

312 2193 364 2268 20,
388 2193 429 2253 te
449 2190 472 2250 i.
498 2209 527 2252 e.
549 2188 628 2254 urbs
651 2193 783 2278 antiqua
804 2205 837 2256 et
858 2167 1075 2271 venerabilis,
1098 2166 1127 2258 di
1146 2168 1210 2258 nen
1233 2192 1430 2258 coloniarum
1453 2197 1486 2258 iu
1509 2192 1590 2257 alias
1612 2205 1714 2256 terras
1736 2191 1938 2266 emissarum,

311 2315 417 2366 tamen
448 2297 622 2367 multorum
654 2305 799 2370 vicorum
828 2307 1124 2370 circumiacentium
1154 2313 1248 2401 (ntaeT
1269 2305 1304 2370 hi
1329 2319 1503 2388 secantur,
1532 2325 1563 2369 v.
1586 2302 1686 2370 Thes.
1708 2325 1739 2366 v.
1761 2323 1808 2388 ιιι),
1829 2323 1883 2366 uo.
1905 2307 1937 2366 8.

313 2433 343 2500 p.
367 2412 449 2497 220)
480 2433 595 2498 parens
627 2427 660 2478 et
688 2414 805 2480 altrixt
840 2419 926 2480 sient
953 2420 988 2482 iu
1018 2415 1155 2482 ecclesia
1183 2419 1358 2485 christiane
1378 2421 1541 2505 primitiva
1561 2416 1718 2486 ecclesiae
1738 2419 1882 2480 maiores
1906 2428 1940 2478 et

312 2524 454 2592 urbanae
476 2528 637 2592 minorum
659 2530 693 2592 iu
717 2530 835 2594 vicinia
858 2527 1065 2594 ecclesiarum
1087 2532 1296 2610 conditrices,
1326 2541 1464 2610 scotres,
1500 2531 1563 2595 bae
1584 2546 1690 2594 antem
1703 2529 1809 2608 filiae
1830 2523 1938 2613 appal-

311 2636 470 2704 labantur.
514 2638 631 2705 Postea
660 2661 737 2706 uero
766 2640 965 2728 singularum
996 2643 1123 2708 urbium
1153 2647 1293 2708 uanitate
1321 2657 1354 2708 et
1381 2665 1454 2708 cum
1482 2641 1554 2707 aliis
1584 2645 1624 2708 de
1645 2645 1832 2728 antiquitate
1860 2661 1937 2704 con·

311 2754 454 2818 tentione
484 2749 646 2837 (ἕλληνικὰ
668 2749 878 2842 ἁμαρτήματα
900 2769 994 2822 vocat
1010 2754 1075 2820 Dio
1091 2754 1257 2840 Chrysost.
1274 2771 1353 2822 orat.
1366 2757 1430 2840 ta)
1452 2757 1571 2820 lactum
1592 2770 1657 2836 est,
1687 2768 1722 2820 ut
1739 2756 1836 2818 etiam
1851 2749 1935 2816 aliae

310 2863 425 2944 urbes,
468 2885 551 2952 quaa
586 2885 691 2952 neque
727 2869 917 2955 antiquitate
953 2891 1058 2956 neque
1095 2867 1231 2934 coloniis
1265 2867 1409 2958 deductis
1443 2867 1690 2947 inclamissent,
1728 2863 1934 2952 magnificum

310 2974 495 3064 metropolis
524 2975 651 3044 titulum
679 2979 867 3046 affectarent
894 2995 925 3046 et
954 2985 1070 3066 partim
1100 2985 1231 3068 propria
1254 2985 1442 3047 auctoritate
1464 2981 1526 3048 sibi
1549 2981 1746 3058 tribuerent,
1777 2981 1892 3065 partim
1915 2999 1935 3040 a

182 3178 186 3186 ι
310 3090 442 3178 regibus
465 3101 498 3153 et
519 3089 641 3156 Senatu
666 3091 832 3174 llomano,
868 3095 909 3158 ad
937 3093 1018 3160 haec
1047 3109 1121 3160 vota
1148 3118 1212 3160 non
1242 3094 1446 3174 difficilibus,
1482 3093 1673 3159 obtinerent.
1723 3093 1825 3157 Fatua
1853 3088 1934 3154 haec

309 3201 473 3270 titulorum
495 3201 627 3268 ambitio
647 3203 747 3270 Asiae
769 3209 973 3294 potissimum
994 3209 1128 3274 minoris
1151 3221 1183 3272 et
1203 3209 1315 3292 Syriae
1337 3207 1472 3274 urbibus
1493 3210 1640 3294 propria,
1665 3227 1747 3293 quae
1763 3204 1850 3269 haud
1864 3205 1932 3268 scio

310 3339 350 3382 an
372 3317 413 3382 ad
434 3314 543 3404 stilum
565 3317 770 3404 magnificum
799 3315 944 3384 Orientis
965 3323 1165 3406 pertinente
1186 3320 1723 3388 Seleucidismaioreminmodum
1738 3317 1933 3394 affectatum,

309 3432 343 3494 in
373 3427 474 3496 titulis
502 3431 631 3517 quidem
660 3451 830 3496 numerum
857 3433 983 3520 graecis
1011 3436 1067 3498 vix
1087 3447 1161 3498 ante
1190 3438 1328 3520 primum
1359 3457 1389 3500 s.
1420 3431 1498 3499 Chr.
1526 3431 1671 3498 seculum
1701 3432 1874 3516 conspicua
1903 3443 1935 3492 et

311 3559 421 3630 postea
449 3544 575 3608 demum
600 3545 635 3608 in
657 3545 849 3610 immensum
882 3560 976 3610 aucta
997 3558 1065 3612 est:
1101 3547 1158 3611 sed
1185 3547 1220 3608 in
1247 3543 1433 3610 Phoeniciis
1459 3567 1628 3610 numerum
1658 3542 1842 3630 epigraphis
1869 3546 1935 3608 iam

224 3677 230 3690 ¹
309 3653 461 3720 Antiochi
482 3653 532 3719 lv
562 3669 667 3722 aetate
694 3653 789 3744 plura
819 3659 889 3722 eius
918 3655 1066 3743 exempla
1094 3657 1260 3722 hahemus.
1301 3656 1377 3722 Non
1406 3657 1513 3724 solnm
1543 3659 1629 3722 enim
1651 3655 1759 3740 Tyrus
1781 3659 1815 3722 in
1836 3657 1933 3722 huius

309 3770 395 3855 regis
418 3769 524 3833 nnmis
545 3789 581 3834 se
602 3778 737 3834 autres·
766 3765 974 3840 St'doss'orttns
996 3784 1105 3850 uocat,
1141 3770 1243 3836 Sidon
1265 3779 1399 3834 scotres·
1421 3771 1562 3836 als'oross
1583 3769 1784 3855 quarundam
1805 3767 1934 3859 orbium

310 3881 360 3966 (v.
379 3901 431 3945 no.
446 3878 513 3968 ll),
544 3881 629 3968 quud
649 3903 714 3946 non
738 3880 912 3948 absurdum
934 3899 1003 3966 eret
1024 3897 1056 3948 et
1077 3894 1119 3948 ex
1140 3895 1230 3969 parte
1259 3903 1388 3960 verum,
1422 3857 1479 3946 sed
1501 3885 1536 3948 in
1560 3903 1658 3946 numo
1680 3881 1823 3948 eiusdem
1844 3881 1932 3965 regis

309 3995 391 4060 adeo
419 3993 582 4060 Laodicea
610 3995 701 4081 (vide
723 4017 773 4059 uo.
794 3994 864 4078 lV)
892 4007 998 4064 soter
1025 4003 1061 4062 t'tt
1086 3996 1223 4062 Cannas
1244 3993 1441 4081 appellatur,
1470 3992 1547 4058 licet
1570 4013 1673 4080 neque
1695 3996 1827 4080 antiqua
1847 4005 1932 4065 esset

310 4105 389 4172 haec
411 4105 505 4186 urbs,
519 4195 521 4202 Ι
535 4127 637 4192 aeque
656 4105 791 4172 coloniis
813 4109 957 4175 deductis
980 4108 1156 4176 celebrata:
1180 4109 1264 4173 nude
1280 4121 1434 4194 apparet,
1464 4109 1758 4194 repudiatusque
1780 4125 1931 4193 graecum

308 4217 516 4306 μητρόπολις,
552 4222 618 4285 ἰιιιιι
647 4218 799 4284 Antiochi
824 4219 875 4285 1v
904 4235 1047 4309 tempore
1075 4225 1108 4286 in
1138 4221 1301 4310 epitheton
1335 4219 1548 4286 honorificum
1578 4217 1710 4286 abiisse.

413 4381 483 4448 lam
510 4383 539 4446 si
568 4385 713 4468 quaeris,
747 4405 811 4470 qua
840 4389 1001 4452 sententia
1027 4387 1213 4472 accipienda
1233 4387 1274 4450 sit
1295 4382 1414 4450 locutio
1437 4392 1542 4450 nater
1564 4381 1772 4450 Sidoniorum
1794 4387 1827 4448 in
1850 4369 1932 4465 'l'yri

310 4497 430 4574 nuruis,
453 4493 590 4559 fidenter
608 4497 800 4581 respondeo,
822 4505 938 4562 matrt's
957 4521 1071 4564 nomen
1095 4503 1128 4564 in
1151 4501 1254 4584 prime
1276 4495 1333 4560 illa
1355 4511 1387 4560 et
1409 4499 1517 4561 nativa
1539 4513 1693 4584 potestate
1716 4500 1931 4582 inrerpreten-

310 4609 383 4674 dum
406 4629 496 4686 esse,
519 4605 793 4674 Sidont'esautem
815 4631 880 4676 non
897 4611 1027 4676 Sidonis
1049 4627 1171 4676 tanturm
1194 4609 1336 4688 incolas,
1358 4611 1413 4676 sed
1437 4609 1591 4696 ampliore
1613 4607 1794 4696 significatu
1819 4610 1931 4688 (quem

311 4721 470 4785 vindicavi
493 4721 533 4784 ad
555 4721 621 4785 les.
643 4719 666 4786 l.
683 4743 710 4786 c.
732 4737 781 4802 et,
804 4738 839 4787 ut
860 4738 969 4808 postea
992 4725 1069 4804 vidi,
1093 4727 1156 4788 iam
1179 4739 1254 4788 ante
1277 4745 1327 4786 me
1349 4725 1589 4788 vindicaverant
1611 4725 1668 4788 des
1695 4721 1866 4806 Vt'gnoles,
1896 4722 1929 4783 in

309 4831 519 4919 edrondogs'e
551 4833 592 4898 dc
621 4833 796 4901 l'ltt'stot're
824 4843 933 4900 sainte
960 4859 989 4922 p.
1015 4843 1066 4904 25.
1114 4835 1239 4901 Masius
1268 4836 1309 4900 ad
1336 4837 1402 4902 Jos.
1435 4841 1486 4916 19,
1510 4835 1571 4921 29)
1601 4834 1793 4898 Phoenicius
1817 4853 1929 4897 omnes

360 5073 391 5140 ⁴¹)
410 5075 441 5126 lu
459 5075 528 5144 Tyri
547 5075 662 5128 coloniis
683 5075 763 5129 lacile
784 5075 1010 5144 praestantissima
1027 5081 1085 5130 eret
1151 5075 1233 5128 urbes
1250 5075 1362 5138 (Sancb.
1381 5073 1419 5140 ll,
1437 5075 1547 5130 9-15.
1567 5071 1600 5140 V,
1616 5075 1705 5128 5-8.
1725 5071 1801 5133 Vlll,
1823 5071 1885 5138 10):
1912 5091 1928 5127 s

309 5169 460 5242 Carthago:
476 5181 626 5243 praeterea,
637 5173 659 5226 si
673 5172 906 5229 Straboniathooi
919 5173 986 5226 lides
1003 5181 1083 5236 esset,
1153 5171 1271 5226 Sidoniis
1300 5170 1410 5226 Clttium
1440 5171 1544 5239 Cypri,
1570 5172 1723 5239 multaeque
1740 5169 1822 5224 Asiae
1838 5172 1929 5226 mitto·

308 5285 325 5320 a
346 5266 437 5336 Tyriis
457 5267 537 5322 etiem
555 5267 662 5324 condita
681 5279 722 5324 est
740 5246 894 5337 Tartedsus,
911 5272 1002 5340 plnres
1016 5269 1084 5324 sici·
1152 5268 1209 5335 ris,
1225 5267 1325 5334 Rhodi,
1343 5267 1450 5334 Cretae,
1468 5267 1596 5336 Melitae,
1615 5267 1732 5334 Siciliae,
1751 5266 1928 5336 Eusiphouiea

308 5364 362 5416 lise
391 5361 493 5428 (Diod.
517 5369 548 5433 5,
574 5363 642 5436 35),
680 5366 762 5422 Asiae
786 5367 898 5424 minoris
931 5377 958 5422 et
988 5365 1084 5422 Cretae
1154 5363 1312 5440 (Liguriae)
1333 5367 1431 5438 oppida
1449 5365 1515 5420 ibid.
1535 5367 1584 5434 tv,
1602 5365 1694 5421 6-8
1714 5365 1793 5432 Vill,
1811 5369 1851 5420 ¹⁰·
