4992 6292
721 669 782 736 uu
804 667 1055 737 scmrrnun
1080 667 1299 736 mmmm
1320 665 1620 736 nuormrncn.
1939 674 1989 750 59

364 863 441 926 tiam
464 877 597 939 meus,
633 861 667 924 lu
687 880 727 923 eo
749 879 854 924 tamen
878 861 1017 938 erravit,
1048 857 1134 946 quod
1156 853 1281 922 litteras
1300 876 1315 927 s
1337 868 1405 921 ott
1436 855 1471 920 in
1493 855 1676 922 Phoenioiis
1698 879 1836 946 uuquam
1859 855 1989 928 sordes

362 993 435 1038 esse
468 993 592 1058 negans
620 971 650 1054 ¹¹)
682 983 850 1058 propterea
883 972 1073 1058 scripturam
1108 966 1310 1054 phoeniciam
1343 965 1554 1053 syllabariom
1583 989 1655 1034 esse
1683 968 1870 1051 affirmavit,
1906 993 1989 1058 quae

362 1083 539 1172 appellatio
559 1083 637 1150 lenio
656 1085 834 1170 scripturas
855 1079 950 1168 plane
972 1085 1080 1168 inepta
1100 1094 1170 1148 est:
1200 1100 1381 1168 quanquam
1402 1103 1468 1150 uon
1489 1082 1572 1148 dixit
1591 1079 1816 1164 Tyehsenius,
1850 1085 1936 1170 quod
1957 1087 1989 1150 el

363 1196 477 1262 tribuit
496 1197 718 1274 adversarius,
749 1215 861 1262 omnes
883 1207 916 1258 et
936 1191 1080 1281 singulas
1101 1191 1224 1258 litteras
1245 1195 1314 1258 veri
1336 1196 1476 1260 nominis
1488 1190 1629 1290 syllalsas
1649 1193 1760 1260 fuisse.
1803 1183 1868 1272 Sed
1884 1199 1988 1284 magis

363 1311 463 1376 eden
492 1313 635 1394 mouerit
664 1307 833 1395 Koppius‚
871 1309 926 1393 qui
947 1308 1167 1372 adversarium
1199 1305 1402 1372 subsannans
1431 1307 1471 1371 ad
1501 1327 1574 1372 eum
1602 1306 1803 1372 refutandum
1832 1329 1987 1394 suasuque

363 1424 557 1487 mamutium
571 1423 721 1487 tuendam
735 1418 812 1485 talia
825 1417 948 1505 profert
961 1417 1120 1505 exemplu,
1136 1441 1219 1506 qnae
1232 1441 1274 1484 ne
1288 1421 1386 1484 tironi
1402 1419 1530 1506 quidem
1541 1421 1703 1505 ignoeoas,
1727 1417 1828 1488 veluti
1840 1423 1983 1506 altolto,

365 1537 506 1616 mnino,
526 1551 618 1604 tunm
642 1535 707 1620 ””),
744 1554 786 1598 ex
816 1530 933 1620 quibus
954 1546 1106 1618 apperens
1124 1544 1252 1598 veteres
1275 1531 1453 1604 Phoenices
1474 1529 1591 1598 litteris
1612 1529 1778 1598 noualibus
1800 1555 1878 1602 usos
1901 1555 1986 1600 esse.

364 1646 495 1712 Soilioet
519 1645 592 1714 telis
616 1660 687 1712 erat
708 1645 790 1712 elini

1119 1815 1149 1894 s.
1179 1820 1231 1884 41.

490 1953 525 2018 Α
552 1951 667 2020 dextra
693 1949 735 2016 ad
762 1951 926 2016 sinistram
945 1947 1128 2038 ¹procedere
1155 1949 1349 2036 seripturnm
1377 1946 1603 2029 Phoenicium,
1639 1949 1673 2014 id
1706 1959 1816 2034 utpote
1850 1970 1918 2016 rem
1952 1952 1986 2016 in

365 2064 483 2154 vulgus
513 2077 623 2132 uotam
653 2083 696 2130 ue
723 2082 952 2128 memorassem
979 2062 1126 2150 quidem,
1160 2043 1225 2128 uisi
1255 2063 1352 2128 unius
1380 2060 1545 2128 cuiusdam
1572 2061 1775 2147 exceptionis
1809 2081 1831 2128 a
1858 2059 1988 2148 Koppie

364 2179 429 2246 iem
458 2176 701 2242 animadversae
731 2173 868 2262 (Bilder
888 2173 957 2240 oud
977 2170 1152 2254 Schriften
1172 2171 1223 2256 11,
1246 2173 1328 2258 193)
1357 2175 1479 2240 mendo
1507 2174 1681 2238 iuiieieuda
1710 2187 1804 2238 esset.
1856 2171 1893 2240 lu
1924 2196 1989 2242 nuo

367 2288 516 2356 videlieet
545 2285 693 2376 exemplo
722 2307 891 2354 numatam
912 2284 1182 2360 Heracleensium
1198 2287 1310 2354 eadem
1332 2283 1389 2352 illu
1411 2284 1604 2376 epigraphe,
1638 2306 1721 2376 quae
1743 2288 1777 2352 in
1799 2269 1989 2374 fulgoribus

365 2399 523 2490 exemplis
544 2399 640 2468 solito
664 2400 760 2468 modo
782 2421 802 2464 a
823 2399 937 2468 dextra
959 2397 999 2464 ad
1020 2401 1184 2469 sinistram
1205 2401 1407 2490 progreditur
1441 2403 1493 2484 (v.
1515 2420 1630 2467 numos
1651 2396 1784 2466 Heraol.
1805 2395 1868 2466 litt.
1888 2397 1929 2466 A.
1947 2397 1986 2466 B.

365 2511 435 2598 C),
466 2516 514 2580 ita
535 2533 690 2602 expresse
710 2514 887 2604 reperitur,
918 2525 955 2578 ut
977 2509 1103 2578 litterae
1125 2533 1214 2580 more
1238 2510 1434 2580 Graecorum
1451 2513 1617 2578 usiuistra
1631 2513 1673 2580 ad
1686 2512 1832 2581 dextram
1847 2527 1988 2594 current.

364 2625 571 2712 singulaeque
599 2628 748 2690 inversae
777 2626 843 2689 siut
873 2621 954 2712 (litt.
981 2621 1046 2710 C),
1084 2637 1120 2689 nt
1154 2621 1263 2690 solent
1299 2626 1386 2711 apud
1414 2622 1556 2690 Grneoos
1585 2645 1658 2690 esse
1684 2625 1719 2690 iu
1748 2625 1790 2690 iis
1821 2621 1987 2692 titulorum

364 2737 606 2825 βουστροφηδὸν
627 2741 820 2826 scriptorum
842 2735 1008 2816 versibus,
1040 2739 1095 2824 qui
1115 2735 1306 2803 oooideutnli
1325 2756 1415 2802 more
1435 2737 1546 2822 scripti
1567 2747 1651 2802 mmt.
1696 2735 1866 2812 Quendam
1879 2737 1988 2822 graeei

365 2854 465 2916 moris
486 2853 698 2916 imitationem
720 2872 759 2914 ea
781 2853 815 2914 in
837 2871 873 2914 ro
895 2825 1110 2936 quaerendam
1133 2872 1225 2930 esse,
1264 2847 1346 2914 nulli
1368 2848 1569 2915 dubitamus:
1601 2862 1634 2914 et
1662 2846 1727 2912 alia
1755 2850 1851 2912 etiarn
1878 2851 1987 2936 siugu-

365 2962 467 3028 larnm
488 2963 667 3028 litterarum
690 2985 806 3050 graeco
830 2983 919 3027 more
942 2965 1143 3028 inversorum
1164 2961 1314 3048 exempla
1343 2976 1473 3028 exstare
1504 2961 1590 3026 infra
1617 2961 1804 3028 docebimus
1833 2959 1908 3046 (lib.
1931 2960 1988 3041 lll,

366 3077 405 3142 ad
428 3097 561 3146 numum
583 3075 732 3146 l’nuorm.
751 3075 797 3160 l).
839 3074 934 3144 Adde
957 3073 1062 3162 Aleplr
1084 3072 1211 3142 litterae
1232 3073 1354 3164 figuras
1377 3077 1524 3146 inversas
1544 3077 1579 3140 in
1600 3075 1696 3160 Erro.
1717 3071 1774 3140 lin.
1798 3081 1828 3142 1.
1854 3082 1887 3140 4.
1912 3080 1942 3141 7.

837 3555 1086 3626 CAPUT
1142 3554 1518 3632 QUARTUM.
1617 3617 1624 3630 ,

578 3713 655 3788 ou
690 3707 1028 3786 susurrone
1058 3705 1352 3785 erumnae
1385 3707 1778 3790 nuurrrrrcr.
1818 3660 1823 3670 ’

1123 3908 1151 3986 l.
1181 3909 1234 3971 42.

495 4041 660 4109 Peenliare
692 4043 849 4128 quoddam
878 4039 1057 4108 litterarum
1085 4063 1206 4128 genus,
1242 4039 1423 4127 phoeniciis
1449 4035 1563 4106 litteris
1591 4038 1716 4120 simile,
1750 4062 1853 4130 neque
1881 4051 1988 4110 tumen

370 4173 455 4224 reete
489 4159 524 4221 iu
561 4155 674 4220 hurum
707 4177 841 4221 numero
873 4154 1036 4235 habitum,
1069 4157 1102 4218 iu
1133 4156 1174 4220 iis
1202 4155 1419 4219 monumentis
1448 4165 1629 4238 comparet,
1665 4175 1747 4240 quae
1778 4158 1812 4220 in
1841 4155 1989 4244 Aegypto

370 4285 496 4357 reperta
524 4279 616 4346 suut,
652 4288 808 4332 aromaca
837 4266 949 4354 lingua
979 4269 1162 4354 inscriptis,
1199 4265 1286 4330 velut
1312 4268 1345 4330 iu
1376 4264 1480 4350 lapide
1515 4262 1816 4351 Carpentorautensi
1850 4284 1883 4332 et
1914 4268 1989 4334 huie

368 4379 470 4448 simili
492 4379 714 4468 Rogemiauo,
738 4382 770 4443 iu
784 4399 916 4466 papyro
937 4379 1132 4444 Tauriueusi
1147 4393 1179 4444 et
1194 4381 1228 4442 iu
1245 4379 1434 4464 fragmentis
1448 4376 1664 4444 Bleuassianis
1687 4381 1736 4466 (v.
1751 4379 1808 4446 lib.
1824 4379 1866 4460 ll,
1883 4403 1934 4448 no.
1949 4386 1986 4447 71
2013 4461 2014 4470 ¹

281 4543 285 4554 .
367 4497 500 4577 45),
531 4515 571 4559 ue
594 4489 659 4558 aliu
681 4494 814 4558 minoris
836 4494 988 4557 momenti
1010 4492 1189 4580 fragmenta
1210 4467 1385 4578 pepyraeea
1406 4512 1600 4572 memorem,
1628 4493 1667 4558 de
1689 4492 1804 4580 quibus
1825 4493 1911 4558 inlra
1930 4495 1990 4570 (ad

368 4605 410 4684 ll,
434 4608 497 4692 75)
533 4605 673 4672 breviter
702 4606 821 4670 dietam
850 4617 908 4668 est.
935 4600 1114 4696 „Quorum
1149 4605 1277 4692 quidem
1305 4619 1584 4670 monumentorum
1613 4609 1756 4670 maxims
1783 4627 1857 4692 pars
1886 4627 1988 4691 nuper

367 4721 496 4785 demam
525 4733 559 4784 et
588 4733 699 4784 nostre
730 4719 887 4782 memoris
912 4716 947 4780 iu
975 4713 1079 4782 lunam
1106 4731 1265 4804 protracta
1286 4729 1351 4781 est:
1373 4713 1457 4800 lapis
1480 4737 1559 4782 vero
1581 4714 1901 4804 Carpentoraoteusis
1922 4721 1986 4783 iarn

420 5004 449 5074 *2
464 5008 526 5075 lpse
538 5006 712 5076 Tyohssuios
723 4970 817 5074 postes
830 5004 859 5058 in
869 5004 982 5074 epistole
994 5003 1029 5056 sd
1039 5004 1143 5056 Roseu-
1211 5020 1303 5070 mere,
1327 5005 1375 5058 sed
1398 5019 1452 5056 non
1477 5013 1535 5058 eret
1561 5005 1685 5072 proieoto
1707 5005 1780 5072 quod
1803 5005 1847 5058 sir
1870 5005 1988 5060 omenta·

369 5105 527 5158 muellerom
540 5103 575 5172 (p.
587 5102 649 5170 270)
664 5101 842 5171 exeeptiones
854 5100 946 5156 statuit
963 5115 1057 5176 ψῃ,
1081 5115 1142 5175 ⁸0¹¹,
1212 5100 1277 5154 lium
1298 5100 1448 5171 linguonum
1465 5099 1642 5167 peritissimus
1661 5101 1695 5152 sd
1720 5102 1851 5174 oollegam
1867 5103 1988 5158 mribeas

258 5268 261 5278 ⁴
369 5223 449 5273 squ,
480 5219 580 5275 aarum
609 5205 643 5256 ed
672 5219 766 5258 musas
795 5219 856 5256 snm
884 5215 1017 5258 revooere
1046 5201 1144 5256 sudet.
1214 5195 1279 5250 h¹¹i⁰
1296 5195 1359 5248 ¹⁸5⁸
1377 5193 1536 5262 ΘΧΡῙῙΜῙ·

372 5308 478 5359 toleret
502 5308 570 5362 haee
590 5304 672 5360 ieoile
698 5321 737 5360 eos
760 5305 869 5378 liuguae
886 5305 1010 5360 arabione
1027 5305 1075 5373 (in
1092 5320 1144 5374 qus
1267 5291 1308 5362 ”l
1332 5299 1363 5352 ln
1383 5298 1434 5351 heo
1457 5296 1564 5368 quidem
1580 5297 1726 5369 epigraphe
1743 5313 1764 5367 9
1787 5303 1819 5354 ed
1839 5317 1911 5370 „572
1933 5315 1988 5355 noo

326 5481 336 5498 ⁸
367 5403 421 5456 Jod
441 5402 467 5455 iu
485 5401 538 5455 illis
556 5403 690 5471 exemplis
707 5401 807 5456 mobile
824 5400 885 5468 est)
904 5403 1027 5474 analogia
1048 5401 1145 5454 oonlir-
1213 5399 1364 5470 pertinere,
1388 5397 1887 5470 introvitebioue‚tin.1tt‚noo

1546 5504 1609 5567 8}
