4924 6304
499 601 575 678 214
623 595 757 666 LlllEll
770 593 1016 664 SECUNDUS.
1048 589 1385 662 tn'scnts'rtonss
1400 589 1682 662 rtlosNtctAE.
1712 589 1861 660 CAPUT
1876 593 2078 662 ssstt.
2110 609 2114 616 '

501 789 589 874 qnod
609 787 730 852 fractos
751 789 794 850 sit
815 783 914 870 lapis,
942 783 999 848 sed
1022 785 1096 870 quia
1118 781 1202 846 labri
1224 784 1358 848 murarii
1378 783 1618 867 inscriptionem
1636 783 1926 863 minus'eurnntes,
1947 800 1979 848 et
1996 787 2122 850 minore

501 901 610 987 lapido
638 921 717 986 opus
749 896 904 962 habentes
931 909 1053 980 partem
1076 899 1148 960 eius
1170 896 1366 960 decidemus.
1420 893 1516 972 Quod
1538 893 1579 959 ab
1603 899 1764 962 anteriora
1784 911 1873 984 parte
1896 897 2038 962 decisum
2060 913 2121 974 est,

502 1015 710 1099 perexiguum
724 1023 757 1073 et
771 1012 842 1094 ipsa
858 1011 1024 1094 inscriptio
1044 1007 1090 1072 ibi
1105 1011 1230 1095 integra
1243 1022 1305 1072 est:
1329 1031 1348 1071 a
1364 1010 1540 1094 posteriore
1558 1022 1680 1072 tantum
1696 1010 1787 1074 deest
1803 1023 1953 1096 quantum
1970 1011 2011 1075 ad
2028 1014 2122 1075 unios

500 1125 627 1191 litterae
649 1126 784 1210 spatium
809 1123 990 1206 requiritur.
1033 1121 1177 1206 Lapidis,
1191 1143 1293 1209 genus
1315 1143 1483 1207 porosum,
1508 1135 1545 1186 ut
1565 1124 1600 1186 in
1622 1120 1687 1186 alio
1710 1120 1912 1209 Tripolitano
1935 1125 2008 1208 (no.
2027 1124 2100 1208 65).

627 1265 926 1350 interpretationem
947 1265 1017 1327 eius
1038 1261 1266 1342 Hsususnus,
1296 1260 1436 1327 Miscell.
1459 1284 1490 1348 p.
1506 1267 1547 1328 77
1569 1261 1776 1328 benededit:

1093 1405 1215 1498 nibsgtpq
1240 1405 1353 1496 nyss}
1374 1405 1483 1500 uibus²

564 1523 608 1588 Ut
626 1523 779 1606 precatio
802 1513 874 1603 (vel
894 1516 1046 1602 precandi
1068 1517 1202 1600 caussa)
1220 1525 1362 1603 propter
1383 1515 1547 1594 dqfectuss
1572 1513 1644 1602 (rel
1657 1517 1926 1602 exsiccationem)
1950 1519 2122 1596 easals'ass,

503 1683 584 1750 quae
612 1661 687 1748 qnid
715 1655 844 1720 valeant
869 1653 1155 1742 palaeograpbiee,
1194 1658 1270 1742 quid
1292 1653 1504 1743 philologiae,
1542 1671 1575 1720 et
1596 1677 1690 1744 qoam
1713 1669 1786 1742 apta
1807 1659 1849 1720 sit
1869 1655 1942 1722 talis
1965 1661 2124 1723 sententis

503 1779 537 1840 in
566 1795 642 1838 areu
671 1765 857 1854 triumphali
886 1767 1033 1856 Angusto
1062 1772 1166 1855 posito
1197 1770 1229 1834 id
1250 1767 1423 1832 lectoribus
1445 1790 1626 1855 exponere,
1660 1785 1745 1834 esset
1767 1769 1887 1834 indicio
1908 1791 2019 1835 eornm
2042 1769 2124 1836 diffi-

504 1891 590 1953 dere.
631 1883 745 1949 Verba
771 1881 873 1946 latina
902 1885 930 1946 is
960 1885 1006 1945 ita
1032 1881 1179 1968 supplere
1209 1880 1351 1947 volebat:
1390 1879 1586 1968 Augustales
1617 1883 1767 1947 Suffetes.
1816 1881 1924 1969 Magis
1947 1883 2124 1948 laudandus

503 2003 736 2066 Lrsnssncrus
765 1997 829 2080 (de
859 1997 956 2059 inser.
985 1993 1090 2060 Melit.
1119 2017 1152 2082 p.
1177 1997 1257 2080 49),
1295 1997 1348 2080 qui
1377 1992 1586 2079 plurimarum
1614 2009 1701 2060 certo
1729 1995 1907 2062 litterarum
1936 2009 2121 2083 potestatem
2174 2061 2181 2074 ,

504 2129 591 2179 recte
613 2109 785 2187 intellexit,
808 2129 988 2195 quanquam
1010 2109 1123 2172 miram
1145 2107 1320 2194 exsculpsit
1341 2110 1547 2170 sententiam:

692 2251 754 2321 abr
775 2265 865 2338 span
887 2250 999 2316 assas
1023 2265 1060 2314 ns
1277 2247 1424 2312 torculos
1447 2253 1588 2333 reginae
1609 2253 1646 2311 s‘rs
1667 2248 1737 2312 Ioco
1756 2255 1909 2336 perenni.

633 2389 725 2470 Quae
747 2414 806 2457 nos
828 2411 931 2476 nuper
952 2389 1096 2453 dedimus
1121 2385 1302 2474 (palaeogr.
1317 2387 1452 2452 Studien
1475 2408 1508 2472 p.
1529 2388 1590 2471 rt)
1619 2409 1661 2452 ex
1691 2387 1874 2476 apographo
1896 2385 2122 2472 Ali-Beyano,

505 2514 539 2573 in
562 2529 626 2572 una
646 2503 754 2570 littera
776 2525 861 2568 nunc
881 2501 987 2592 lapide
1010 2503 1192 2564 examinato
1214 2499 1415 2564 retractanda
1438 2520 1526 2564 suns:
1551 2502 1653 2587 magis
1675 2515 1781 2566 autem
1804 2500 2020 2580 emendanda,
2042 2523 2124 2588 quae

404 2645 406 2652 ·
504 2623 552 2688 ibi
573 2621 613 2685 de
633 2620 840 2704 inscriptione
861 2613 964 2680 letina
983 2614 1144 2694 diximus,
1183 2635 1277 2700 qnam
1300 2611 1413 2677 eodem
1441 2634 1540 2699 praro
1571 2613 1755 2702 apographo
1778 2616 1903 2700 decepti
1925 2616 2125 2702 Augustalis

505 2735 663 2817 suffectu
684 2729 832 2818 legimus.

632 2893 663 2950 2.
705 2881 819 2948 Verba
841 2884 927 2946 enim
953 2863 1053 2946 latina

1150 2962 1257 3030 Avo.
1279 2963 1392 3028 SWE
1403 3011 1410 3026 .
1423 3011 1432 3028 .

504 3110 573 3194 (itu
600 3107 706 3181 onim,
745 3122 808 3166 oon
839 3099 980 3178 ΜΕ,
1019 3101 1052 3164 in
1080 3097 1185 3185 lapide
1212 3103 1282 3186 ipso
1310 3101 1377 3184 est)
1405 3103 1494 3164 arcui
1525 3100 1709 3186 triumphali
1730 3099 1930 3188 Tripolitano
1952 3105 2124 3190 inscriptae

428 3217 433 3228 ’
505 3219 592 3285 baud
613 3215 710 3281 dubie
730 3210 926 3299 supplendae
948 3226 1038 3276 sunt:

937 3343 1153 3412 svnvsro
1174 3347 1341 3432 svrars)
1371 3346 1422 3412 vn
1445 3347 1625 3434 svrssr).

632 3482 740 3552 AVG.
762 3503 820 3570 pro
842 3481 1057 3548 Avuvs'ro
1079 3485 1265 3570 pertritum,
1296 3504 1328 3546 v.
1355 3482 1481 3548 Busche
1502 3485 1585 3550 Lex.
1609 3489 1806 3550 nummariae
1830 3485 1868 3566 1,
1891 3509 1922 3572 p.
1946 3492 2025 3552 1281
2046 3507 2076 3550 r.
2095 3509 2123 3551 c.

504 3599 610 3672 AVG.
632 3599 698 3664 ΕΡ.
721 3597 748 3660 Ε
777 3600 798 3660 i.
823 3617 852 3659 e.
880 3595 1028 3684 Angusto
1055 3596 1188 3682 presii
1218 3601 1253 3661 in
1283 3618 1381 3662 nurno
1402 3611 1554 3684 argenteo
1574 3597 1768 3684 Vespasiani
1791 3598 1938 3682 (Eckhel
1955 3597 2060 3663 Catel.
2081 3599 2123 3678 ll,

503 3741 537 3804 p.
563 3723 634 3780 tat.
664 3711 767 3793 130),
805 3707 910 3774 AVG.
940 3713 962 3773 i.
984 3731 1011 3774 e.
1043 3709 1208 3797 Augusto,
1240 3711 1274 3774 in
1305 3732 1401 3774 nurno
1431 3729 1528 3775 aureo
1557 3711 1754 3796 Vespasiani
1780 3713 1833 3797 (r.
1862 3711 1988 3777 llasclre
2009 3710 2032 3778 l.
2056 3714 2123 3796 c),

503 3822 613 3894 ROM.
642 3821 703 3889 ET
732 3820 837 3888 AVG.
865 3823 889 3886 i.
911 3843 941 3886 e.
971 3821 1094 3887 Rornae
1124 3837 1157 3886 et
1183 3822 1350 3910 Augusto,
1386 3825 1419 3886 in
1449 3825 1555 3888 nornis
1586 3823 1701 3888 obuiis·
1750 3823 1896 3890 Alterum
1931 3823 2123 3890 vocabulum

503 3939 654 4027 supplere
691 3951 781 4023 potes
818 3933 872 3998 rel
907 3933 1045 4000 SVFES
1080 3933 1236 4022 singulari
1268 3957 1421 4015 numero,
1459 3934 1512 4000 vel
1540 3934 1705 4022 pluraliter
1734 3935 1909 4017 svium,
1938 3953 2032 4025 atque
2062 3938 2124 4003 boc

504 4054 664 4142 posterius
693 4051 796 4135 nrngis
827 4046 1014 4133 probabile,
1051 4049 1310 4135 quandoquidem
1337 4061 1480 4134 tempore
1511 4047 1729 4114 Romanorum
1766 4049 1911 4136 singolis
1940 4053 2123 4136 municipiis

504 4183 538 4232 et
559 4163 694 4230 coloniis
715 4161 823 4248 plures
847 4163 1068 4248 magistratus,
1092 4159 1207 4247 quibus
1229 4160 1376 4226 Soletum
1399 4159 1510 4226 titulus
1533 4183 1704 4226 concessus
1721 4177 1807 4242 erat,
1830 4163 2010 4249 praefuisse
2026 4177 2123 4229 testes

505 4277 662 4344 babemus
694 4277 919 4361 inscriptiones
955 4297 1007 4361 ap.
1039 4273 1212 4338 Gruterum
1240 4279 1355 4359 p470
1384 4295 1436 4338 no.
1463 4281 1478 4338 t
1519 4275 1578 4358 (cl.
1599 4272 1656 4340 lib.
1678 4273 1738 4354 lv,
1762 4298 1832 4362 cap.
1854 4277 1895 4362 3)
1923 4289 1956 4340 et
1992 4279 2122 4342 numum

504 4389 805 4475 Carthaginensem,
834 4409 928 4475 quem
952 4387 1097 4452 dedimus
1119 4384 1183 4450 tab.
1208 4392 1268 4466 td,
1304 4385 1365 4452 hae
1395 4386 1585 4474 epigraphe:
1621 4388 1741 4454 Aristo
1770 4387 1967 4454 arnestat.
2000 4389 2123 4454 Ricocs

504 4503 578 4586 Sus
596 4506 619 4568 i.
641 4523 670 4564 e.
699 4500 846 4580 Soletes,
883 4503 916 4564 in
952 4499 1067 4586 quibus
1105 4500 1240 4564 duorum
1273 4499 1415 4566 soletum
1443 4502 1575 4566 nomina
1603 4499 1781 4566 occuriant.
1833 4501 1897 4567 Pro
1927 4525 1991 4568 uuo
2019 4501 2124 4570 soleta

502 4636 677 4705 provocare
699 4617 803 4701 possis
825 4613 866 4679 ad
890 4633 960 4676 eam
980 4615 1241 4699 inscriptionem,
1278 4634 1359 4698 quae
1381 4636 1432 4700 sp.
1454 4613 1625 4680 Gruterum
1652 4613 1675 4678 l.
1696 4635 1724 4678 c.
1746 4635 1880 4680 numero
1901 4619 2043 4682 secunda
2063 4631 2124 4700 ost,

461 4797 464 4804 ,
503 4738 660 4818 „agean
693 4727 809 4802 Celere
834 4725 1014 4792 Ms‘lclsoas's
1052 4725 1209 4790 Gulolsoe
1233 4724 1315 4804 filio
1346 4724 1520 4807 Sufetc,“
1558 4729 1615 4792 sed
1651 4740 1774 4813 poterat
1804 4725 1885 4792 illud
1914 4729 1954 4794 de
1984 4729 2125 4818 bospitio

502 4845 618 4910 ioedns
646 4856 762 4928 agente
788 4862 854 4904 uno
883 4839 994 4906 Solate
1022 4842 1165 4904 iunctum
1191 4860 1280 4918 csse,
1316 4837 1392 4904 licet
1418 4839 1526 4927 plures
1553 4842 1728 4927 municipio
1756 4853 1952 4926 praeessent.
2003 4839 2128 4912 Contra

503 4960 538 5020 in
559 4953 708 5041 publicae
738 4955 957 5039 inscriptionis
985 4952 1162 5018 honoribus
1184 4955 1371 5039 imperatori
1399 4952 1545 5018 Romano
1571 4954 1710 5019 decretis
1731 4957 1828 5022 totius
1850 4969 1981 5022 senatus
2002 4961 2124 5027 mentio

504 5071 688 5134 necessaria
710 5081 787 5132 erac

631 5195 716 5261 Cave
744 5217 821 5261 sero
853 5198 985 5275 credas,
1023 5197 1209 5282 Augustus
1232 5196 1449 5282 inscriptionis
1471 5209 1601 5262 nostrae
1623 5207 1696 5260 sum
1719 5217 1810 5276 esse,
1844 5201 1899 5284 qui
1920 5195 1990 5262 κατ’
2015 5173 2125 5283 ὶξὸχὴι

504 5315 549 5376 its
576 5306 774 5397 appelletur,
811 5307 1027 5376 Octavianum
1054 5308 1251 5396 Angustum,
1284 5329 1378 5394 quem
1407 5309 1447 5374 de
1475 5307 1604 5376 Africae
1630 5310 1805 5394 provinciis
1833 5314 1990 5378 meruisse
2014 5311 2123 5399 ibique
