4924 6304
324 658 623 730 lllONUMENTA
638 661 788 732 SEMIT.
803 664 993 734 AEGYPT.
1014 667 1177 737 LXXIV.
1195 667 1339 739 LXXV.
1361 670 1519 741 PAPYRl
1532 673 1830 746 uuacnsslnnu.
1872 677 1944 759 241

1098 879 1120 922 Ι.
1143 879 1172 924 θ.

404 991 423 1056 1
502 997 540 1062 et
565 1005 644 1057 non
667 983 826 1082 impleat
850 999 1025 1062 ventrem
1057 1013 1187 1064 eorum
1223 993 1337 1090 ei(bo)
1365 1049 1469 1069 ......

403 1121 424 1186 2
503 1115 658 1212 quisque
685 1113 834 1190 dolores
860 1117 1121 1220 delapeorum

401 1247 423 1314 3
501 1253 654 1316 statuta
681 1267 832 1336 eorum,
866 1247 986 1320 donee
1013 1251 1272 1324 aedificassent
1297 1253 1464 1349 ur(bem)

397 1376 422 1444 4
498 1385 537 1446 et
560 1385 731 1470 tempore
759 1398 888 1450 eorum
913 1391 1065 1476 postero
1089 1381 1303 1456 comederet
1329 1435 1436 1457 ......

499 1501 647 1575 stridor
673 1503 845 1578 dentulum
870 1511 970 1604 patri
995 1533 1063 1583 suo
1090 1521 1129 1582 et
1153 1510 1400 1606 immola(ret)

382 1715 385 1722 ,
498 1643 537 1708 et
563 1631 775 1708 consideret
799 1636 872 1712 hoe
897 1639 936 1710 in
963 1637 1074 1712 corde
1099 1663 1186 1730 suo,
1222 1653 1262 1714 et
1288 1641 1459 1717 occidere
1488 1637 1652 1714 voluisse
1678 1662 1862 1740 quemque

497 1765 695 1840 dominum
719 1793 832 1841 eoum
858 1779 897 1840 et
922 1767 1131 1842 rotenorum
1157 1793 1342 1868 quemque
1367 1771 1451 1844 liliis
1478 1769 1626 1842 donnlre'
1648 1770 1713 1842 sui

397 1899 418 1964 8
495 1917 656 1992 panem,
691 1911 730 1971 et
753 1909 1018 1994 congregatum
1044 1901 1090 1972 iri
1114 1899 1203 1973 deos
1228 1899 1393 1998 Aegypti

446 2205 609 2274 Universa
642 2211 745 2274 oratio
778 2212 812 2272 in
845 2209 954 2274 futuro
992 2223 1135 2295 ternpore
1170 2209 1223 2274 vel
1252 2213 1358 2296 potios
1387 2213 1421 2275 in
1451 2212 1596 2275 oratione
1625 2207 1769 2297 obliquo¹
1786 2216 1940 2296 proeedit.

315 2313 457 2384 Videtur
480 2324 529 2405 (si
551 2323 766 2388 coniecturum
788 2321 894 2387 faeere
916 2321 1010 2408 lieet)
1032 2321 1146 2409 aliquis
1168 2345 1239 2388 cunr
1263 2346 1339 2410 rege
1362 2322 1570 2408 (Pharaone)
1600 2319 1740 2410 colloqui
1762 2323 1801 2387 de
1823 2325 1940 2411 populo

317 2433 454 2517 quodarn
478 2435 533 2518 (ni
553 2433 668 2514 fallor,
695 2433 914 2521 lsrelilitieo),
946 2435 1112 2502 culcibus
1136 2436 1507 2522 nonsitpraebendua,
1540 2438 1631 2500 euius
1649 2415 1766 2499 statuta
1787 2457 1850 2502 noo
1874 2443 1941 2506 rint

315 2559 386 2608 rata
413 2543 577 2626 habende,
618 2561 789 2634 antequem
818 2569 860 2612 ex
887 2550 1037 2612 mandato
1065 2548 1285 2614 aedificaverit
1315 2550 1475 2612 civitatem
1504 2548 1854 2632 (ef.Exod.1,ll)‚
1885 2557 1939 2639 qni
1984 2581 1986 2584 ·

315 2658 380 2722 iarn
403 2661 482 2743 petri
506 2683 567 2724 nuo
590 2660 664 2724 odio
698 2649 866 2746 („rtridor
888 2662 1085 2744 dentium“)
1115 2660 1230 2740 fuerit,
1263 2683 1283 2726 a
1314 2683 1376 2746 quo
1407 2660 1611 2724 metuendum
1636 2662 1699 2738 eit,
1736 2681 1777 2724 ne
1805 2663 1939 2731 devoret

317 2815 389 2848 ...,
425 2772 584 2838 sacrificet
605 2817 678 2852 ...,
716 2795 849 2858 quorum
881 2771 1002 2860 singuli
1031 2774 1178 2838 dominos
1207 2771 1388 2838 interficere
1418 2771 1601 2858 liberosque
1633 2793 1742 2838 eorunr
1772 2777 1937 2844 mendieos

313 2881 421 2946 lnoere
449 2883 551 2950 moliti
580 2887 651 2950 sint
702 2883 827 2950 Suffixa
855 2888 890 2950 in
918 2903 1047 2965 annun,
1078 2889 1219 2964 durnin,
1252 2901 1368 2976 utrinq}
1391 2887 1432 2951 ad
1457 2885 1542 2948 lrune
1566 2883 1715 2976 populum
1741 2885 1935 2970 referuntur,

313 2995 464 3062 suffixum
487 3001 520 3062 in
543 2999 682 3079 annuae,
705 3003 793 3066 aab:
816 2999 856 3062 ad
879 3021 988 3086 regern
1010 3001 1102 3066 etad
1125 3001 1261 3064 eundem
1283 3003 1382 3078 nina,
1401 3001 1551 3085 miloni,
1577 2999 1634 3063 sed
1654 2997 1787 3062 verbnm
1809 2998 1932 3086 plurale

313 3126 393 3197 372³*
422 3112 461 3175 ad
491 3110 653 3198 populum.
717 3109 804 3188 Quid
832 3115 862 3176 oi
888 3111 1024 3199 loquens
1053 3113 1136 3176 idern
1167 3109 1224 3176 ille
1250 3111 1499 3190 Bur-Huner,
1548 3113 1600 3197 qui
1629 3113 1662 3174 in
1694 3113 1815 3194 poetica
1844 3127 1935 3198 porte

313 3221 409 3287 huius
426 3222 598 3309 fragmenti
619 3199 746 3310 proqter
768 3223 940 3290 multorunt
962 3225 1127 3290 hominnm
1151 3228 1281 3291 eaedem
1302 3223 1475 3316 laudaturi

439 3365 516 3428 Lin.
541 3371 568 3430 1.
612 3363 766 3430 Formula
793 3379 858 3454 30³
880 3323 946 3434 lehn
974 3367 1071 3430 etiarn
1095 3367 1129 3430 in
1152 3364 1196 3428 V.
1219 3363 1261 3431 T.
1283 3365 1381 3430 obvia
1401 3379 1451 3430 eut
1478 3363 1548 3432 lob.
1572 3369 1630 3442 15,
1654 3371 1685 3428 2.
1715 3369 1773 3445 20,
1796 3371 1847 3432 23.
1866 3371 1934 3441 mh

312 3497 384 3540 euru
402 3475 526 3542 Laneio
548 3476 680 3562 suppleo
703 3480 777 3546 nni.

436 3617 512 3682 Lin.
536 3625 566 3682 2.
609 3619 734 3687 τινα-131
764 3633 832 3684 *2⁸³
866 3618 993 3684 dolorer
1024 3640 1051 3682 a.
1079 3620 1249 3683 molestiae
1271 3617 1329 3683 dei
1348 3619 1477 3682 illorum
1506 3631 1641 3702 ponunt
1662 3639 1734 3684 eree
1754 3593 1933 3704 arolestiae‚

310 3750 392 3816 qune
414 3752 486 3794 euro
510 3731 561 3794 dei
584 3733 744 3817 peregrini
766 3727 856 3796 eultd
876 3733 1063 3796 coniunctae
1085 3746 1178 3809 snm,
1214 3746 1247 3794 et
1276 3732 1436 3794 sententia
1457 3733 1502 3792 ita
1523 3728 1681 3815 suppleri:
1713 3739 1859 3798 sentiant
1882 3737 1937 3800 illi

309 3843 440 3907 doloret
461 3843 518 3908 dei
536 3852 691 3930 epaon-un,
712 3847 734 3908 i.
754 3865 782 3909 e.
804 3842 1123 3930 persentieeantilli,
1146 3843 1222 3929 quid
1244 3839 1431 3906 nitalieooe
1455 3842 1533 3906 deuo
1557 3840 1681 3920 colere,
1703 3843 1743 3906 el.
1769 3843 1819 3908 Pe.
1837 3851 1887 3924 16,
1900 3855 1933 3912 4.

309 3953 407 4032 Quod
434 3956 575 4024 Laneion
603 3961 729 4027 nanta
762 3959 882 4022 reddit:
920 3965 1092 4044 nugantes
1123 3977 1248 4032 eorum,
1279 3976 1320 4017 ne
1351 3955 1384 4018 in
1416 3953 1537 4018 Vetere
1569 3955 1695 4040 quidern
1725 3952 1933 4024 Testamento

307 4067 387 4134 lerri
410 4044 512 4155 potuit
533 4073 581 4158 (v.
605 4073 644 4136 de
666 4070 726 4134 hae
749 4094 785 4135 re
807 4071 907 4136 Thes.
930 4069 1009 4156 ling.
1033 4070 1121 4136 hebr.
1144 4067 1186 4141 Τ.
1202 4067 1227 4134 l.
1251 4085 1322 4154 pag.
1338 4067 1417 4152 96),
1459 4067 1576 4132 nedum
1598 4069 1631 4130 in
1654 4065 1869 4134 Chaldnirrno.

435 4211 512 4275 Lin.
541 4217 570 4276 3.
613 4227 730 4298 utrinqu
773 4235 836 4298 quo
871 4215 941 4276 iure
975 4212 1116 4276 Laneion
1150 4210 1338 4274 transferat:
1371 4205 1467 4290 „nlla
1495 4227 1652 4292 presenze
1682 4205 1803 4288 loro“‚
1841 4215 1934 4296 quasi
1984 4235 1988 4245 ·

307 4325 460 4408 scripturn
483 4338 568 4390 eruet
588 4337 735 4414 utunap,
764 4328 833 4408 ipse
857 4326 979 4389 viderit.
1022 4321 1096 4388 Non
1122 4325 1227 4388 ruinas
1249 4325 1384 4402 rniruru,
1422 4319 1505 4406 qood
1529 4322 1615 4385 idern
1638 4342 1776 4411 sequena
1798 4324 1932 4390 verbum

306 4435 385 4521 legit
405 4457 439 4522 qa
467 4451 499 4500 et
527 4446 650 4524 tenpue
679 4438 801 4516 reddit,
837 4435 910 4500 eoll.
933 4453 1024 4514 mro,
1058 4437 1141 4523 quod
1168 4433 1357 4500 vocobulum
1385 4436 1417 4498 in
1440 4431 1484 4497 V.
1504 4429 1546 4498 T.
1568 4430 1651 4510 ἅπαξ
1673 4433 1774 4518 λεγόμ.
1805 4435 1930 4519 (Exod.

306 4554 435 4632 21,10)
459 4547 643 4614 Talmudici
664 4551 703 4614 de
719 4560 864 4634 tenpore
881 4547 989 4613 debiti
1002 4550 1187 4634 coniugalis
1204 4551 1450 4632 interpretantur
1466 4560 1498 4610 et
1513 4549 1560 4610 sio
1574 4560 1747 4632 usurpant:
1770 4569 1930 4634 nunquam

307 4659 410 4727 nliter.
453 4661 518 4726 Fae
540 4675 645 4727 autern
669 4680 744 4732 rure
767 4661 901 4748 quodoie
923 4671 1048 4746 tenpus
1069 4657 1271 4746 significare,
1309 4681 1365 4745 pro
1388 4682 1427 4723 eo
1456 4661 1541 4745 quod
1563 4659 1603 4724 L.
1626 4660 1749 4722 reddit:
1787 4667 1931 4744 tempore

306 4793 368 4860 quo
391 4775 614 4854 aedificarent
634 4775 840 4842 scribendum
862 4789 932 4839 erat
951 4793 1029 4858 quaa
1050 4795 1077 4843 u
1099 4791 1213 4851 nrm,
1245 4795 1308 4838 non
1332 4791 1410 4862 μην
1431 4789 1474 4862 qa.
1519 4770 1584 4836 Sed
1607 4772 1683 4857 quid
1705 4767 1824 4835 multal
1855 4767 1931 4837 Nou

305 4904 343 4976 Ρ
362 4883 551 4974 legendum,
581 4887 638 4953 sed
660 4909 711 4957 ae.
740 4928 784 4941 —
817 4887 853 4952 ln
877 4903 1022 4953 extrema
1041 4885 1129 4952 linea
1148 4907 1196 4974 πρ
1219 4909 1291 4950 euro
1313 4887 1352 4952 L.
1373 4883 1485 4971 supple
1508 4903 1613 4966 uttan.

433 5027 508 5095 Lio.
529 5037 561 5094 4.
586 5034 615 5096 5.
657 5048 761 5118 janna
783 5031 887 5098 ure-‘in
910 5026 953 5092 V.
977 5023 1018 5091 T.
1038 5029 1167 5112 saepius
1188 5028 1228 5090 de
1251 5034 1396 5110 tenpore
1418 5033 1553 5110 postero
1584 5023 1675 5088 Prov.
1695 5027 1756 5102 31,
1777 5026 1829 5090 25.
1860 5025 1927 5092 Jer.

302 5143 364 5218 30,
389 5145 426 5218 8,
455 5154 483 5204 et
508 5143 700 5208 adieetirurn
724 5143 852 5231 quidem
875 5139 1011 5205 lormnrn
1035 5139 1133 5204 hebet
1156 5161 1286 5226 prorsus
1308 5135 1499 5202 hebraeam:
1527 5133 1695 5200 ehnldnien
1718 5149 1804 5200 eseet
1824 5153 1928 5233 Πῃις,

301 5269 418 5344 tanin·
463 5269 579 5341 ripun,
602 5257 686 5343 quod
710 5259 743 5322 in
765 5256 899 5322 Lexieia
921 5251 1083 5320 ohaldaeie
1104 5275 1140 5316 oe
1161 5253 1324 5316 invenisne
1347 5263 1443 5336 negat
1455 5249 1496 5314 1..
1515 5264 1548 5313 et
1561 5262 1728 5336 propterea
1742 5270 1783 5314 ex
1797 5249 1929 5338 linguae

300 5365 462 5432 arabione.
476 5371 664 5434 auctoritate
684 5370 883 5458 pulmentum
903 5367 1024 5446 reddit,
1053 5368 1192 5432 meairne
1215 5367 1291 5452 quia
1312 5362 1483 5450 praeeedit
1505 5364 1582 5430 laed
1605 5365 1773 5430 interiecto
1786 5365 1928 5451 eperioi)

1446 5487 1483 5548 31
