4978 6296
503 625 587 696 xrv
1106 616 1533 708 rasnnarro.

503 817 685 896 satisfacis
718 837 791 890 nec
817 813 968 903 dubito,
994 807 1091 908 'quin
1113 812 1162 901 is,
1196 813 1260 909 qui
1286 813 1364 888 otio
1389 811 1439 887 ad
1464 813 1535 890 hoc
1561 812 1652 887 dato
1679 824 1720 886 et
1740 814 1951 888 necessaria
1971 813 2122 912 palaeo-

503 947 683 1047 graphiae
706 943 879 1021 doctrina
903 939 1104 1015 instructus
1131 945 1261 1016 omrria
1286 941 1480 1041 Europae,
1521 945 1690 1018 maxime
1723 941 1948 1040 Hispaniae,
1990 964 2125 1018 numo-

504 1079 679 1178 phylacia
701 1075 853 1174 publica
866 1085 905 1146 et
918 1073 1072 1169 private
1088 1069 1315 1162 excusserit,
1339 1085 1507 1148 nostram
1524 1064 1810 1172 epigrapha'rum
1827 1073 1994 1168 syllogen
2010 1074 2124 1148 variis

505 1207 631 1283 modis
656 1219 696 1279 et
718 1223 855 1298 augere
878 1202 1001 1298 possit
1023 1213 1063 1274 et
1087 1171 1324 1276 emendares
1352 1201 1442 1278 Feci
1463 1213 1612 1292 tamen,
1637 1201 1738 1300 quod
1763 1203 1889 1300 potui,
1914 1215 1957 1276 ut
1981 1205 2125 1279 consilii
2163 1215 2167 1230 '

506 1339 584 1414 mei
608 1333 817 1410 rationibus
845 1345 995 1404 starem.
1020 1351 1024 1358 ·
1054 1329 1178 1404 Musei
1209 1329 1321 1426 igitur
1351 1332 1558 1406 Britannici
1589 1331 1923 1430 numophylacium
1957 1347 1997 1408 et
2021 1334 2124 1410 locu·

504 1465 755 1566 pletissimum
787 1473 826 1534 et
858 1460 1102 1551 lectissimum
1136 1459 1333 1557 diligenter
1363 1461 1593 1559 perlustravi
1632 1462 1877 1560 omniumque
1909 1483 2124 1557 nnmerum,

505 1615 600 1694 quac
639 1592 803 1668 consiliis
842 1593 937 1664 meis
972 1591 1156 1664 inservire
1196 1602 1375 1688 poterant
1412 1591 1428 1688 (
1435 1591 1474 1663 in
1515 1591 1649 1689 quibus
1686 1613 1778 1690 praa
1814 1592 1946 1666 ceteris
1979 1595 2126 1690 egregia

503 1722 821 1812 Marathensium,
861 1719 1214 1804 Panormitanorum
1256 1731 1295 1792 et
1325 1714 1634 1794 Heracleensium
1668 1719 1846 1818 exempla
1877 1723 2126 1798 memoranda

504 1855 638 1950 sunt),
677 1863 813 1949 ectypa
838 1873 862 1924 a
887 1845 1136 1942 Doubleda'yo
1162 1861 1335 1926 accurate
1358 1847 1459 1924 faeta
1482 1853 1524 1922 in
1548 1852 1713 1948 patriam
1738 1846 1858 1924 attuli.
1908 1850 2125 1926 Parisiensis

505 1984 613 2058 enim·
632 1977 934 2080 numophylacii,
972 1979 1077 2052 cuius
1103 1989 1240 2076 ectypa
1264 1973 1526 2052 Mionnctiana
1547 1979 1652 2057 domi
1677 1979 1881 2070 habebam,
1912 1982 2122 2055 maximam

504 2125 653 2214 partem
678 2113 755 2185 iam
781 2131 884 2186 anno
912 2113 1006 2182 1825
1030 2129 1135 2204 meos
1160 2107 1202 2180 in
1229 2129 1336 2196 usus,
1377 2131 1451 2208 qua
1476 2121 1534 2183 est
1557 2107 1746 2208 ἀκριβείᾳ
1770 2119 1809 2182 et
1831 2111 1886 2183 rei
1907 2109 2124 2208 palaeogra-

504 2243 638 2342 phicae
664 2240 837 2330 scientia,
869 2248 1142 2334 recognoverat
1166 2235 1468 2334 Hohlenbergius
1498 2260 1535 2312 v.
1563 2239 1607 2313 cl.
1633 2238 1855 2337 epigraphes
1879 2262 1903 2312 a
1927 2235 2123 2314 lllionneto

506 2371 625 2446 editas
650 2370 700 2444 ad
724 2371 827 2468 ipsos
852 2388 988 2446 numos
1015 2365 1131 2464 (quos
1154 2366 1317 2462 integros
1344 2367 1829 2465 delineavitlemendane,
1851 2391 1982 2442 recens
2000 2369 2124 2469 aequi·

505 2503 596 2576 sitos
610 2499 771 2574 addens:
786 2499 920 2596 quibus
934 2496 985 2572 ill.
994 2494 1209 2570 Rachettius
1223 2515 1346 2594 nuper
1361 2496 1569 2572 admodum
1583 2519 1635 2571 ex
1645 2495 1869 2572 Caramania
1876 2495 2123 2572 advectorum

465 2599 468 2612 Δ
505 2631 674 2727 syllogen
703 2627 838 2702 adiecit
870 2627 931 2730 (p.
955 2629 1062 2718 286).
1114 2623 1345 2702 laedendis
1378 2641 1505 2702 autem
1539 2614 1608 2702 his'
1629 2628 1868 2702 numismatis
1901 2649 1979 2702 non
2010 2630 2052 2702 in
2077 2651 2143 2704 eo'

442 2795 447 2802 ·
506 2757 814 2858 acquieseendum
830 2755 975 2855 putavi,
989 2748 1033 2829 u't
1047 2753 1145 2830 solas
1159 2755 1381 2855 epigraphes
1397 2755 1616 2831 exhiberem
1633 2755 1682 2831 ad
1696 2757 1916 2855 exemplum
1924 2747 2124 2850 Mlonneti,

503 2889 714 2966 Hamakeri
735 2889 803 2977 al,
840 2884 906 2961 sed
931 2885 1154 2986 plerumque
1180 2889 1295 2962 totius
1319 2887 1427 2960 numi
1451 2888 1654 2983 imaginem
1680 2885 1957 2986 depingendam
1983 2889 2124 2978 curavi,

503 3020 643 3118 partim
672 3029 716 3092 ut
750 3017 976 3112 imaginibus
1008 3027 1121 3114 atque
1160 3016 1399 3092 emblematis
1430 3015 1490 3090 hic
1511 3017 1597 3092 villic
1630 3015 1831 3092 adiuvetur
1863 3003 2123 3116 interpretatio

505 3147 735 3244 videantque
760 3146 936 3236 lectores,
970 3167 1047 3243 qua
1077 3141 1159 3218 arte
1190 3144 1361 3243 (rudiore
1395 3167 1444 3218 an
1477 3145 1727 3242 elegantiore)
1757 3159 1913 3220 moneta
1943 3169 2032 3221 cusa
2057 3149 2123 3242 sit3

505 3279 645 3377 partim
682 3289 727 3349 ut
760 3277 834 3374 ipsi
875 3275 1033 3348 lectores
1070 3275 1191 3348 noemi
1227 3272 1414 3363 iudicent,
1449 3295 1546 3370 quae
1575 3275 1723 3348 litterae
1753 3274 1803 3346 ad
1836 3273 1933 3348 hanc
1970 3269 2125 3352 illamve

505 3378 768 3507 epigraphem,
796 3425 964 3503 quaeque
989 3404 1096 3500 signa
1121 3402 1170 3478 ad
1197 3403 1461 3501 epigraphem,
1494 3425 1591 3500 quae
1611 3401 1662 3476 ad
1682 3403 1864 3500 imagines
1886 3383 1998 3500 atqtre
2014 3427 2123 3479 orna·

504 3535 635 3615 menta
652 3536 887 3634 pertineant,
916 3546 955 3609 et
980 3531 1071 3631 qnid
1096 3555 1143 3607 aa
1167 3533 1208 3606 in
1232 3555 1274 3608 re
1295 3555 1319 3608 a
1342 3532 1532 3608 nonnullis
1553 3531 1757 3626 editoribus
1779 3547 1974 3633 peccatum
1989 3535 2047 3634 ¹sit
2063 3527 2122 3626 ¹⁷).

505 3666 631 3765 Atque
653 3664 793 3740 similes
816 3663 866 3738 oh
887 3683 1037 3740 caussas
1061 3665 1177 3738 etiam
1200 3663 1241 3736 in
1263 3637 1521 3738 monumentis
1547 3663 1706 3762 lapideis
1726 3663 1880 3742 edendis
1901 3667 2124 3766 plerumque

505 3798 560 3872 ita
599 3795 741 3872 versati
772 3787 919 3884 samus,
965 3805 1010 3867 ut
1042 3793 1345 3890 inscriptionem,
1384 3791 1562 3866 simodo
1593 3815 1663 3890 per
1694 3791 1782 3867 iibri
1813 3798 1930 3871 noemi
1959 3796 2124 3872 formam

505 3927 652 4014 liceret,
684 3925 838 4022 propria
859 3945 928 4000 sua
952 3922 1212 4020 magnitudine
1229 3920 1495 3998 exhiberemus
1510 3921 1576 4018 18),
1602 3920 1848 4002 adliceremus
1863 3939 1989 4004 autem
2008 3927 2125 4003 totius

505 4055 743 4130 monumenti
768 4053 903 4128 faciem
928 4054 971 4126 in
996 4053 1122 4128 minus
1147 4063 1392 4132 connectam.

570 4286 623 4370 17)
651 4287 732 4348 Vide
760 4307 837 4368 quae
867 4289 1089 4372 disputavimus
1118 4290 1282 4356 denuntia
1349 4290 1461 4352 duems
1476 4287 1647 4350 adlitteras
1664 4307 1703 4356 aa
1716 4290 1757 4352 ad
1770 4307 1868 4354 coma
1888 4291 2005 4356 metui
2020 4313 2122 4358 ramus

504 4393 749 4458 Mmthensibus
777 4413 809 4476 p.
841 4395 1037 4460 272-274.
1088 4396 1136 4458 Ita
1164 4397 1281 4478 saepius
1347 4393 1502 4476 pertinere
1520 4403 1673 4476 putarem.

505 4501 582 4562 duae
599 4495 778 4582 epigraphes
792 4499 824 4559 in
838 4497 911 4580 ipsis
927 4501 1028 4560 numia
1043 4501 1163 4562 duobus
1177 4501 1281 4562 diver-
1414 4497 1465 4580 te)
1497 4501 1638 4560 Maximi
1661 4499 1778 4561 modrrli
1798 4499 1917 4562 litterae
1940 4499 2124 4564 Phoenicius

505 4605 547 4667 sis
566 4605 645 4666 locis
667 4605 784 4686 positae
813 4605 894 4686 apud
915 4605 1110 4666 Mionnetum
1134 4607 1168 4666 in
1187 4625 1281 4666 unam
1349 4623 1422 4686 quas
1437 4603 1578 4682 viderim,
1593 4625 1707 4686 eaeque
1721 4625 1817 4686 paene
1830 4613 1893 4667 tres
1909 4603 2017 4687 digitos
2031 4607 2122 4686 altae,

505 4711 617 4772 linem
631 4710 986 4772 eoaluenmtvelutab.
1002 4715 1056 4786 22,
1082 4731 1137 4773 no.
1156 4709 1209 4772 14.
1227 4713 1278 4772 15.
1347 4719 1420 4770 sunt
1453 4711 1491 4770 in*
1520 4712 1717 4792 inscriptione
1750 4709 1945 4791 Tripolitana
1979 4711 2122 4794 bilingui,

508 4819 567 4890 16,
596 4816 659 4876 tab.
683 4818 744 4890 25,
775 4833 832 4876 no.
853 4819 893 4876 71
921 4814 999 4896 sqq(
1033 4813 1119 4874 Alibi
1145 4813 1282 4894 singulae
1347 4815 1462 4896 quippe
1492 4833 1569 4895 quae
1593 4816 1679 4876 arcui
1698 4813 1877 4900 triumphali
1897 4813 1992 4876 infixa
2010 4813 2053 4878 ita
2073 4816 2124 4876 in-

506 4917 684 4999 epigrephes
705 4937 799 4981 voees
827 4919 931 4979 eedem
953 4919 1034 4979 inter
1056 4939 1090 4980 se
1109 4929 1279 4996 mearunt,
1348 4917 1513 5002 scrdpenda
1532 4927 1614 4978 esset
1625 4961 1634 4995 ,
1663 4929 1700 4980 ut
1719 4919 1829 5002 procul
1845 4920 1905 5001 legi
1918 4929 2041 5000 posset:
2064 4937 2123 4980 nee

506 5032 544 5084 ut
560 5021 621 5082 tab
642 5027 703 5096 23,
728 5027 767 5084 δε
803 5021 872 5094 aab
894 5033 975 5090 otta
998 5033 1043 5090 aa
1065 5043 1124 5106 pre
1147 5033 1193 5091 nst
1211 5023 1281 5105 „aab
1349 5026 1446 5086 multo
1461 5023 1596 5084 minores
1611 5044 1678 5085 esse
1693 5025 1856 5101 videntur,
1884 5023 1996 5104 quibus
2014 5022 2124 5086 titulus

506 5139 610 5206 hatis,
633 5136 664 5187 et
683 5125 745 5186 iah.
763 5129 817 5204 24,
839 5133 1033 5194 55.56.⁵7.
1063 5165 1108 5180 —
1141 5119 1282 5192 Numani
1349 5127 1665 5210 Tuggcnsisscriptus
1687 5139 1733 5191 est
1753 5125 2122 5212 (videp.1atlin.1o).

508 5231 599 5316 Cilic.
615 5231 657 5292 K.
674 5232 861 5310 examinans,
885 5236 949 5315 ipse
965 5235 1153 5318 aliquamdiu
1168 5237 1282 5298 dubins
1351 5236 1467 5296 eonas
1479 5229 1595 5294 minimi
1608 5233 1727 5294 moduli
1740 5243 1822 5311 sunt,
1846 5253 1924 5314 qnae
1938 5231 2124 5296 in'Alexan-

506 5321 611 5416 hsesi,
641 5347 745 5398 annm
759 5337 903 5419 quosdam
917 5342 1083 5421 superioris
1103 5341 1282 5423 epigr-aphec
1350 5338 1398 5400 dri
1420 5333 1521 5398 numia
1536 5339 1726 5400 Accensihas
1739 5349 1879 5417 exstant,
1904 5357 1981 5421 qnae
1996 5339 2124 5402 inermi-
