4938 6302
823 653 864 718 Α.
907 647 1072 718 PUNICA
1093 649 1213 718 APUD
1235 649 1464 719 PLAUTUM.
1886 659 1961 735 363

336 838 505 906 lunensem
526 853 559 904 et
579 837 754 920 Palatinos,
776 837 972 926 reliquorum
993 840 1297 926 praestantissimos,
1320 841 1521 906 interiectum
1536 852 1597 918 est,
1619 844 1753 926 niagnas
1770 847 1962 912 mutationes

335 931 487 1031 subiisse,
505 955 648 1018 irnouon
668 975 786 1038 paucos
808 973 929 1018 naevos
945 957 1155 1017 contraxisse.
1198 945 1304 1029 Quum
1324 972 1430 1019 autem
1454 950 1608 1018 credibile
1631 975 1695 1018 non
1720 957 1781 1034 sit,
1806 955 1961 1044 reliquum

337 1064 494 1130 barbarae
516 1068 672 1130 orationis
694 1081 818 1152 partem
837 1063 982 1130 feliciore
997 1078 1083 1130 rorte
1098 1085 1191 1130 usam
1206 1087 1295 1144 esse,
1316 1065 1480 1131 habebunt
1499 1063 1633 1144 saltem,
1664 1088 1727 1152 quo
1741 1090 1777 1132 sc
1791 1087 1961 1151 excusent,

337 1181 392 1266 qui
415 1181 514 1242 etisru
541 1181 576 1242 in
606 1200 682 1244 vere
711 1178 841 1244 Punicis
863 1179 903 1242 de
927 1176 1050 1264 vulgari
1072 1179 1230 1264 scriptura
1251 1175 1440 1264 explicanda
1462 1179 1669 1264 desperantes
1698 1181 1739 1244 ad
1761 1185 1961 1250 coniecturas

334 1288 445 1376 paullo
470 1292 659 1358 audsciores
680 1294 822 1356 animum
846 1288 1018 1376 applicent.

464 1401 552 1483 Nos,
587 1419 624 1469 ut
651 1425 724 1470 cem
752 1418 838 1470 certe
868 1405 1078 1489 scripturum,
1115 1424 1210 1490 quam
1237 1401 1314 1468 libri
1347 1400 1557 1488 manuscripti
1592 1405 1748 1486 offerunt,
1787 1379 1961 1476 lectoribus

336 1519 457 1582 uostris
471 1517 672 1602 futurisque,
695 1521 724 1582 si
739 1519 793 1604 qui
806 1517 941 1594 suerint,
963 1515 1193 1602 interpretibus
1208 1519 1366 1602 integram
1379 1515 1571 1595 offeramus,
1594 1518 1635 1581 sd
1649 1521 1790 1602 ipsorum
1805 1519 1960 1600 codicum,

336 1649 356 1692 a
377 1631 552 1714 superioris
573 1632 647 1693 aevi
668 1630 846 1696 editoribus
868 1649 941 1694 raro
964 1626 1135 1714 diligenter
1157 1627 1365 1708 collatorum,
1392 1632 1621 1694 .anctoritatem
1647 1631 1845 1698 redeundum
1867 1649 1960 1720 puta-

338 1745 450 1807 vimus.
493 1739 563 1806 Nec
584 1745 655 1808 sino
676 1743 792 1808 fructu.
836 1741 1010 1826 Utriusque
1035 1743 1121 1806 eninr
1138 1743 1257 1808 codicis
1272 1740 1413 1820 Palatini
1434 1745 1622 1828 scripturam
1641 1764 1821 1829 quanquam
1834 1767 1959 1812 summa

335 1852 401 1920 fite
424 1877 445 1920 a
465 1871 502 1921 se
524 1855 594 1919 deri
616 1855 754 1922 affirmat
778 1855 897 1920 Parcus
922 1857 1017 1940 (edit.
1039 1853 1081 1934 ΙΙ,
1104 1867 1170 1920 not.
1184 1857 1253 1918 crit.
1277 1876 1307 1940 p.
1322 1857 1423 1938 235),
1443 1869 1549 1920 tamen
1570 1853 1663 1940 plura
1683 1859 1789 1922 miuus
1812 1873 1958 1924 accurate

334 1965 418 2032 lecta
440 1989 511 2032 esse
533 1967 627 2032 docet
651 1983 683 2034 et
707 1991 789 2034 nova
810 1967 1098 2054 Heidelbergeusis
1121 1965 1198 2032 libri
1222 1964 1363 2046 collatio,
1389 1989 1483 2052 quam
1505 1966 1663 2033 Baehrius
1685 1989 1714 2030 v.
1734 1967 1774 2034 cl.
1799 1972 1904 2049 misit,
1928 1986 1960 2036 et

337 2077 485 2160 Romani,
509 2101 603 2167 qnam
618 2079 954 2168 Ritsohliuacceptnm
977 2081 1156 2146 referimus.
1200 2078 1289 2143 lderu
1306 2083 1355 2144 vir
1368 2082 1517 2166 egregius
1532 2080 1684 2146 editionis
1699 2083 1850 2167 principis
1863 2081 1959 2170 longe
2028 2111 2030 2114 ·

336 2195 519 2257 rarissimae
543 2196 577 2258 in
594 2192 790 2260 bibliotheca
805 2193 1043 2280 llbedigerianu
1061 2189 1310 2258 Vretislavieusi
1323 2195 1480 2258 exstantis
1496 2195 1523 2276 Ἴ
1547 2192 1767 2280 apographum
1792 2193 1957 2262 nobiscum

326 2309 596 2372 ,communicavitt
631 2307 834 2392 Lipsiensem
866 2321 972 2372 autem
1007 2307 1150 2372 codicem
1186 2304 1281 2371 nobis
1309 2308 1471 2391 excerpsit
1490 2303 1647 2371 Beonan.
1709 2303 1798 2383 Ques
1832 2309 1958 2394 quidem

335 2437 415 2502 opes
436 2419 563 2484 criticas
584 2419 615 2504 *)
635 2421 680 2484 ita
701 2423 735 2484 in
756 2419 848 2486 brevi
869 2433 1041 2506 conspectu
1061 2420 1236 2504 posuimus,
1260 2433 1296 2482 ιιι
1309 2416 1585 2506 Heidelbergense
1603 2416 1785 2504 exemplum
1800 2422 1957 2508 integrum

334 2527 451 2594 litteris
472 2531 649 2596 tucioribus
671 2531 945 2613 describeremus,
972 2529 1171 2618 singulisque
1195 2530 1341 2596 versibus
1364 2534 1539 2618 scripturae
1560 2533 1749 2598 varietatem
1767 2554 1810 2599 ex
1826 2530 1958 2621 reliquis

336 2642 500 2709 codicibus
522 2664 766 2730 apponeremus.

378 2819 408 2877 1.
457 2813 645 2880 Ytdulouim
668 2813 826 2880 nclouuid
850 2820 1056 2880 ricoruttr'rtu
1080 2813 1221 2900 eomrytlt

465 2943 654 3028 Ytbolouim)
676 2949 764 3029 Lips.
784 2948 987 3028 Syteloninm.
1026 2947 1086 3009 Ed.
1102 2968 1151 3028 pr.
1170 2944 1229 3029 (n)
1245 2945 1439 3008 Ythalonim.
1484 2943 1645 3029 ualonutb)
1665 2949 1709 3008 its
1723 2947 1792 3008 cod.
1809 2947 1954 3010 Heidelb.

334 3057 411 3109 terte
432 3048 565 3112 Beehn'o
592 3048 741 3132 (Parcusz
759 3049 853 3110 nolon
867 3047 922 3130 ut)
944 3061 975 3112 et
986 3051 1087 3129 Lips.,
1105 3049 1158 3110 sed
1171 3051 1264 3110 Rom.
1280 3059 1311 3110 et
1327 3049 1376 3108 ed.
1393 3050 1491 3130 princ.
1507 3046 1599 3110 oulen
1612 3048 1674 3111 urb.
1690 3085 1733 3100 -
1746 3046 1954 3130 sicorntsimo)

335 3151 376 3210 ite
391 3151 520 3212 iunctim
547 3153 616 3213 cod.
641 3152 809 3228 Heidelb,
839 3155 1002 3232 separatim
1022 3154 1148 3214 Purens.
1194 3153 1286 3212 Rom.
1308 3154 1334 3213 ri
1353 3152 1566 3232 corethiayma.
1610 3151 1699 3233 Lips.
1723 3152 1952 3216 sicorathin'me.

332 3253 395 3314 Ed.
426 3275 475 3336 pr.
499 3255 538 3337 si„
560 3253 766 3316 coratlrisima.
827 3254 903 3314 Post
932 3256 1009 3313 rimu
1036 3255 1150 3316 Pareus
1170 3256 1249 3315 male
1270 3265 1416 3335 quattuor
1436 3265 1550 3336 puncta
1571 3257 1693 3337 poenit,
1730 3256 1816 3336 qnasi
1843 3256 1957 3336 eliqnid

335 3355 471 3416 deesset:
504 3357 536 3416 in
558 3357 627 3416 eod.
650 3356 694 3415 nil
710 3355 770 3416 nisi
794 3355 926 3434 spatium
948 3366 993 3416 est
1005 3355 1108 3436 paullo
1125 3356 1234 3416 mains.
1258 3391 1301 3404 -
1344 3355 1496 3442 cumsytl)
1520 3359 1562 3420 ita
1579 3361 1669 3420 etiam
1685 3361 1798 3432 lium„
1825 3357 1873 3420 ed.
1891 3379 1939 3441 pr.
1945 3402 1954 3433 ,

335 3457 388 3517 sed
409 3459 497 3559 Lips.
516 3457 656 3533 consith,
682 3457 771 3517 Cam.
791 3457 935 3536 consyth.

379 3597 411 3654 2.
459 3589 558 3674 ctyu
579 3587 635 3654 lad
657 3588 799 3674 etunytt
819 3586 1034 3672 mueryrtltpul
1052 3587 1255 3672 myctdr'daru
1275 3587 1407 3653 intimis·

464 3709 570 3796 olym)
592 3711 680 3792 Lipr.
699 3709 793 3791 chyn.
818 3745 862 3758 -
904 3707 957 3772 lud
975 3708 1115 3795 cbuuyrlr)
1137 3713 1227 3772 Rom.
1244 3709 1356 3770 lauhun
1369 3708 1436 3790 yth.
1460 3711 1548 3790 Lips.
1565 3710 1634 3770 luuh
1647 3710 1731 3772 chun
1746 3711 1813 3791 yth,
1840 3712 1888 3772 ed.
1906 3733 1959 3792 pr.-

335 3815 406 3876 lach
425 3811 578 3894 chnnytb.
613 3843 657 3856 --
698 3809 914 3896 mumystltyol)
938 3814 1030 3874 Rom.
1062 3808 1247 3894 (corrupte)
1277 3809 1489 3890 mnmyathral.
1534 3808 1621 3890 Lips.
1648 3821 1680 3870 et
1703 3812 1752 3872 ed.
1774 3834 1822 3892 pr.
1846 3816 1956 3875 mumis

334 3917 409 3998 tynl.
454 3917 526 3977 Sine
547 3917 728 3978 auctoritate
750 3915 927 3976 Gronovius
947 3935 1058 3996 munys
1073 3915 1149 3978 thal.
1181 3948 1224 3960 —
1265 3909 1451 3996 myctlribaru
1465 3911 1596 3994 imirelri)
1623 3915 1715 3976 Rom.
1732 3913 1813 3994 apud
1826 3916 1957 3976 Parcum

336 4018 521 4100 myctbibnr
535 4018 570 4077 ui
583 4015 721 4098 mysehi,
745 4036 786 4075 ex
797 4039 879 4078 nove
893 4017 1054 4076 collatione
1069 4015 1262 4098 mycthibem
1282 4013 1414 4074 imischi.
1458 4016 1545 4096 Lipr.
1562 4015 1745 4077 unctlribarii
1759 4017 1890 4078 imiscbi.
1927 4078 1930 4086 ,

375 4160 409 4218 3.
454 4149 741 4239 Diplocauetdytd
763 4146 901 4214 bisuldu
923 4147 1068 4214 adordiri
1090 4146 1146 4212 diu
1169 4147 1251 4214 utdtt
1274 4227 1278 4236 .

271 4249 277 4264 Ι
355 4251 367 4268 Ἰ
463 4269 738 4358 Lipboeuuetbytb)
761 4271 802 4330 ita
825 4271 915 4332 etiam
927 4271 1020 4330 Rom.
1032 4313 1040 4346 ,
1064 4270 1117 4330 sed
1134 4270 1182 4330 ed.
1198 4291 1247 4350 pr.
1264 4269 1393 4330 vocibus
1406 4268 1560 4328 itadivieis
1576 4266 1657 4352 liplso
1672 4269 1851 4355 couetbytlt,
1868 4273 1955 4353 Lips.

336 4375 417 4462 liobe
439 4389 524 4438 cnuet
537 4374 621 4460 bytlr.
646 4411 686 4422 -
709 4369 849 4452 biuutlru)
870 4373 962 4432 Rom.
978 4371 1142 4452 bynuthi,
1173 4391 1215 4430 ex
1227 4391 1307 4431 nova
1321 4370 1482 4430 collatione
1497 4370 1644 4452 bymithi,
1676 4373 1762 4456 Lips.
1780 4373 1953 4454 bynutlryy,

336 4481 386 4540 ed.
401 4499 450 4560 pr.
465 4479 619 4560 bynuthii.
643 4512 686 4526 -
728 4472 770 4537 acl
791 4469 896 4554 nediu)
920 4475 1013 4536 Rom.
1029 4472 1067 4533 ad
1083 4474 1238 4553 edynsec.
1255 4474 1397 4536 Perenni.
1430 4475 1519 4555 Lips.
1535 4475 1689 4536 adsedem.
1714 4510 1757 4522 -
1799 4473 1954 4554 linurin)
2037 4519 2039 4526 .

337 4585 429 4644 llum.
447 4582 546 4642 binni.
584 4583 671 4661 Lips.
685 4577 816 4658 binutyi.
847 4575 906 4636 Ed.
925 4596 974 4655 pr.
993 4573 1148 4655 bynuthii.

380 4725 412 4778 4.
458 4711 624 4778 Bimurod
646 4709 919 4799 rpldodertulout‘st
942 4705 1025 4790 uydy
1047 4703 1251 4790 myrprtdodo

463 4831 623 4915 birnarob)
645 4833 686 4892 ita
707 4831 798 4890 eiiam
815 4831 901 4911 Lips.
914 4875 923 4906 ,
954 4829 1002 4888 ed.
1030 4850 1078 4910 pr.
1101 4829 1274 4908 bymarob,
1298 4831 1390 4888 Rom.
1413 4831 1571 4908 bymarob.
1594 4865 1635 4875 -
1678 4829 1955 4912 syllobomolouim)

337 4941 380 5000 ita
400 4937 528 4998 iunctim
548 4935 617 4995 cod.
640 4931 786 4994 Heidelb.
817 4929 899 5014 (non
922 4931 999 5012 syllo
1019 4928 1061 4989 ho
1082 4931 1238 5006 mulonim,
1263 4927 1463 5010 utPareu's):
1496 4933 1625 4993 vocibus
1639 4933 1728 4994 aliter
1741 4916 1845 4994 divisis
1860 4935 1952 4994 Rom.

337 5038 414 5124 syllo
435 5035 699 5120 bomulouim(ur).
744 5035 833 5116 Lips.
859 5033 936 5113 syllo
955 5031 1155 5092 homalonim.
1201 5031 1260 5092 Ed.
1277 5051 1326 5112 pr.
1344 5031 1421 5112 syllo
1437 5030 1624 5092 homaloniu.
1656 5068 1699 5081 -
1741 5033 1837 5120 rryby)
1862 5039 1953 5098 Rom,

389 5294 414 5359 'l
431 5293 512 5364 Quod
530 5291 734 5345 Bellermanuur
751 5287 801 5358 (p.
821 5285 875 5354 m)
892 5285 1038 5341 editionem
1052 5286 1116 5341 Me·
1181 5301 1275 5340 errore
1299 5285 1406 5350 nititur3
1433 5303 1582 5356 qnanrpmm
1610 5291 1677 5344 haec
1703 5289 1787 5344 editio
1814 5291 1961 5360 principem

337 5391 523 5445 diolanenrem
550 5387 613 5442 anni
641 5387 708 5442 1500
735 5384 839 5441 Comici
860 5383 1008 5454 principem
1041 5383 1116 5451 lacit,
1183 5380 1245 5436 iere
1265 5379 1335 5435 sord
1356 5374 1431 5434 πόδα
1451 5383 1580 5452 sequitur.

1223 5507 1232 5513 ⁵
1328 5488 1411 5549 46*
