4922 6300
185 669 188 676 ·
294 645 648 740 rssnnoraoss.
661 647 722 716 nr
738 645 862 718 srnn
875 647 1070 718 nxxvas
1090 643 1254 718 axxm
1268 643 1430 718 cinnii·
1446 645 1794 724 nnsmsnrrcs.
1837 659 1918 737 2⁵1

380 837 474 908 Haec
504 835 622 906 litteris
648 837 833 906 Phoeniciis
855 813 981 925 ¹scriptu
1010 849 1086 904 sant
1117 837 1261 904 ciusdem
1292 835 1436 926 figurae,
1478 861 1573 925 want
1599 839 1720 906 iubent
1747 839 1917 928 Gyrenaici

276 976 361 1046 tituli
375 974 512 1042 litterae.
538 973 584 1042 Ut
597 979 630 1042 in
646 975 716 1058 illo,
738 979 785 1042 ita
798 979 833 1042 in
851 975 923 1055 hoc,
942 973 1048 1062 ligura
1078 967 1127 1047 2
1146 971 1277 1060 ponitur
1290 997 1348 1061 pro
1363 986 1395 1056 t,
1429 954 1552 1066 &pro
1566 999 1599 1058 s,
1624 979 1680 1043 sed
1695 977 1751 1044 He
1767 961 1920 1046 scribitur

144 1189 153 1204 ,
289 1113 385 1220 117,
420 1111 508 1200 pund
527 1131 573 1178 es·
591 1119 705 1178 vetere
726 1109 956 1196 Bortlelempi
984 1107 1163 1196 alphabeto
1197 1108 1394 1198 depromtnrn
1425 1124 1496 1198 eti,
1536 1121 1572 1181 in
1603 1134 1663 1201 pao
1685 1112 1916 1204 Isat'cfignrae

275 1255 345 1344 itta
362 1257 515 1336 potestat
533 1269 709 1335 perperam
732 1247 860 1314 triduis
882 1257 933 1314 etl
956 1247 1048 1336 (vide
1070 1237 1141 1332 peg.
1160 1250 1208 1310 15.
1229 1251 1303 1328 16).
1353 1249 1529 1318 Praeterea
1552 1251 1639 1320 Zat'n
1660 1248 1812 1330 litterum,
1835 1272 1917 1338 quae

276 1387 311 1450 in
336 1383 522 1473 vulgaribus
543 1381 721 1450 litterarum
746 1383 992 1450 Phoeniciarum
1013 1377 1132 1447 tubulis
1154 1382 1262 1464 deest,
1290 1345 1350 1504 ἶ]
1380 1388 1484 1472 pinxit
1508 1401 1639 1468 unctor,
1665 1385 1705 1450 ed
1725 1381 1911 1470 exemplum

268 1524 443 1624 'alphabeti
463 1536 677 1604 Samaritani:
706 1535 780 1604 rte
800 1529 849 1621 4
869 1535 911 1602 ed
931 1532 1113 1619 exemplum
1139 1530 1353 1620 Aethiopum,
1384 1534 1574 1624 vulgaribus
1591 1550 1700 1603 autem
1717 1536 1914 1604 Phoenicum

277 1653 394 1722 litteris
409 1655 470 1722 hus
483 1675 587 1722 novus
602 1653 807 1736 „Atlanticus
817 1663 846 1721 ni
854 1651 1135 1720 untedilurisuas“
1146 1652 1252 1719 notin
1280 1636 1335 1790 ὸ
1379 1654 1545 1744 ,Mltpl‘g
1561 1678 1643 1742 quae
1655 1661 1816 1743 exprimat
1826 1659 1868 1738 E,
1882 1673 1914 1722 et

278 1803 341 1976 Γ(
379 1841 490 1922 „Pe“
511 1871 556 1902 =
578 1841 622 1926 P,
651 1863 734 1930 qaae
759 1843 885 1921 omnia,
916 1862 958 1906 ne
979 1846 1051 1927 pusi
1072 1843 1109 1904 t'n
1123 1839 1250 1904 ln'ttcrs't
1276 1839 1657 1924 definiendiefullalar‚
1678 1844 1714 1910 in
1736 1840 1915 1912 litterarum

277 2009 386 2076 tabula
406 2011 473 2078 uui
492 2031 565 2078 enm
586 2013 802 2098 incriptione
825 2013 912 2077 edita
934 2005 1154 2089 declarentur,
1183 2010 1303 2076 additis
1325 2013 1421 2076 etium
1444 2033 1600 2076 novaram
1620 2009 1796 2078 litterarum
1814 2021 1914 2082 nosti·

277 2123 384 2206 nilne,
406 2127 557 2190 nimirum
579 2124 646 2189 his:
683 2105 722 2248 z
758 2125 841 2212 Olnp
861 2133 894 2204 i,
923 2106 1074 2210 ss‘Ulap
1089 2141 1182 2200 ει,
1206 2135 1239 2186 et
1252 2121 1325 2188 aliis
1339 2124 1529 2211 quibusdem
1544 2147 1608 2190 nou
1626 2128 1735 2192 minus
1745 2127 1911 2209 inauditis,

278 2309 357 2374 qaas
380 2299 485 2352 tumen
508 2289 541 2352 in
563 2288 634 2374 ipse
656 2287 750 2354 titulo
765 2289 885 2354 frustra
901 2287 1133 2374 quaesivimus:
1159 2245 1230 2420 ὁ
1257 2283 1410 2367 „Eeto“
1435 2313 1479 2348 =
1504 2287 1584 2364 Eta;
1622 2280 1731 2408 cst)
1759 2334 1782 2372 „
1796 2291 1914 2357 Oalu“

279 2453 325 2484 =
346 2421 396 2502 Ω,
425 2421 562 2489 fortusse
583 2425 618 2488 iu
640 2419 742 2490 titulis
766 2445 842 2490 atox
865 2423 952 2509 upnd
972 2421 1162 2492 Melitenses
1183 2425 1387 2512 reperiendis
1409 2424 1644 2512 deprehensnri
1666 2447 1804 2500 erumna.
1843 2403 1913 2494 Nus

279 2537 315 2600 in
344 2533 491 2621 exemplo
521 2539 669 2624 ruperint
709 2538 916 2624 transscripta
950 2533 1055 2623 alpi
1089 2541 1277 2626 sedprimus
1312 2555 1354 2626 tp,
1394 2538 1477 2624 olsp
1505 2548 1536 2618 t,
1582 2537 1669 2626 arcp
1697 2558 1731 2618 e,
1768 2538 1842 2606 Pte
1870 2541 1910 2620 ti,

281 2647 502 2716 Pentele.

406 2869 480 2937 Hoc
500 2874 601 2958 igitur
622 2881 862 2935 mouumentum
884 2892 995 2936 mense
1016 2867 1106 2936 Maio
1128 2873 1205 2936 nuni
1228 2875 1313 2938 teto
1335 2869 1510 2957 Joeeptm
1534 2869 1687 2952 Galenus,
1710 2871 1909 2940 sacerdotem

281 2981 503 3064 Melitensem,
537 2985 690 3051 docemur
714 2981 886 3064 Madiane,
915 2981 1049 3049 Melitae
1072 2983 1152 3050 arbe
1175 2983 1253 3050 olim
1275 2987 1443 3072 primaria,
1472 2986 1505 3048 in
1528 2985 1675 3072 propriae
1698 2983 1811 3050 domus
1833 3006 1909 3050 eren

281 3102 364 3164 inter
393 3097 578 3163 fodiendam
608 3099 770 3162 iuvenisse
802 3109 834 3160 et
865 3095 926 3162 Ge.
952 3098 1145 3185 Grongncin
1174 3099 1258 3164 dono
1283 3099 1410 3164 dedisse
1430 3102 1481 3183 *),
1521 3120 1599 3164 mox
1634 3099 1730 3162 etiam
1760 3119 1834 3164 curu
1862 3097 1909 3164 ill.

284 3210 474 3278 Murchioue
508 3213 779 3290 communicasse,
817 3212 870 3296 qni
908 3211 1028 3296 primus
1055 3189 1137 3277 'eius
1173 3213 1406 3298 praestantium
1440 3223 1472 3276 et
1508 3211 1670 3296 insignem
1702 3213 1736 3276 in
1775 3210 1911 3280 tatoris

283 3326 413 3410 antiqua
441 3319 631 3388 illustranda
659 3343 754 3387 asam
781 3324 994 3408 perspexerit.
1044 3322 1108 3388 Hic
1140 3327 1227 3390 enirn
1257 3346 1300 3390 ex
1330 3345 1370 3388 eu
1401 3325 1662 3410 interpretatione
1691 3329 1909 3406 monumenti,

283 3457 378 3523 quarn
397 3435 581 3501 coniecerat
607 3434 787 3512 Consules,
810 3431 1008 3515 Melitensis,
1045 3434 1176 3524 linguae
1199 3435 1395 3501 Chaldaicne
1418 3435 1606 3516 Professor,
1635 3457 1712 3502 mox
1737 3436 1908 3518 intellexit,

284 3547 345 3613 hoe
381 3559 621 3614 monumentum
657 3547 698 3612 ad
733 3545 930 3612 Atlantidem
966 3545 1106 3612 insulam
1148 3546 1268 3613 diluvio
1305 3546 1454 3635 Ogygiae
1491 3549 1689 3614 submersam
1733 3553 1909 3635 pertinere,

284 3665 375 3726 euius
411 3661 541 3748 fastigia
576 3659 629 3744 (id
663 3659 747 3747 qnod
785 3662 854 3748 ipse
890 3657 1040 3725 Marehio
1075 3663 1113 3726 iu·
1144 3659 1361 3747 compluribus
1393 3661 1494 3725 doctis
1523 3658 1673 3746 operibns
1701 3665 1787 3726 serio
1816 3686 1907 3728 mou·

284 3787 442 3840 straverat
474 3769 538 3860 '’J)
582 3775 617 3838 iu
650 3771 781 3840 Melites
816 3787 848 3838 et
884 3771 981 3838 Gauli
1014 3771 1129 3840 insulis
1146 3767 1148 3772 ’
1163 3776 1325 3860 supersint
1359 3770 1446 3856 ***):
1490 3773 1614 3836 invenit
1650 3775 1773 3854 etiarn,
1819 3777 1905 3861 qnod

287 3885 475 3976 neglexerat
501 3885 626 3952 seilicet
653 3887 853 3952 mouumenti
881 3907 1048 3972 pomessor
1081 3901 1114 3952 at
1142 3885 1338 3965 delinentor,
1377 3881 1660 3952 artificiosissimus
1689 3883 1908 3974 Gronguetus,

1717 4023 1734 4066 e

340 4215 370 4284 ⁹)
391 4216 490 4270 Testes
507 4225 569 4270 snut
586 4215 690 4270 litteras
708 4213 888 4285 lithogrsptue
905 4214 1004 4268 Galeas
1027 4215 1060 4267 sd
1130 4217 1211 4266 sennis
1227 4212 1245 4264 d
1263 4209 1381 4264 tasone
1401 4215 1519 4264 metense
1539 4215 1574 4265 dn
1591 4215 1905 4278 glaucicomantis

289 4311 473 4386 Grognetust,
501 4329 538 4366 sn
565 4311 663 4382 quibas
687 4313 755 4364 leaeo
777 4309 967 4363 adscribimus:
996 4312 1062 4378 „Vi
1133 4293 1323 4364 teos-1809.
1341 4307 1477 4362 toTami.
1492 4311 1533 4360 12.
1674 4347 1677 4352 .

288 4411 321 4462 dn
338 4427 438 4476 mon,
468 4411 514 4462 che
530 4415 594 4462 netto
611 4411 730 4462 demolire
755 4425 807 4458 una
824 4417 913 4458 nanzo
932 4419 1006 4474 poeta
1023 4412 1065 4459 net
1134 4463 1137 4470 ,
1184 4401 1243 4470 Ι”**)
1263 4405 1305 4458 Ειι
1322 4415 1427 4468 uotum,
1446 4421 1524 4474 quern
1541 4403 1578 4458 ill.
1592 4405 1719 4460 Merchio
1733 4415 1909 4461 monumento

283 4503 365 4568 sendo
393 4507 436 4558 det
460 4509 551 4560 corrue
576 4509 602 4558 di
626 4521 687 4558 ensa
711 4507 776 4570 ruia,
808 4509 872 4554 nella
896 4521 972 4555 scano
999 4505 1064 4554 delle
1133 4518 1162 4555 ι·
1178 4519 1209 4556 te
1233 4503 1306 4556 edito
1331 4499 1487 4570 sdsoripsit:
1522 4505 1591 4556 cene
1615 4504 1745 4570 prleiense
1760 4504 1908 4556 alienaveris

290 4605 369 4668 ptem
391 4606 435 4657 dei
451 4601 616 4666 fondamento
643 4601 658 4652 ἑ
681 4611 749 4652 stato
772 4609 874 4650 remota
900 4617 952 4650 nna
976 4617 1065 4664 grotta
1133 4599 1269 4652 determine
1293 4601 1361 4663 enfin
1388 4615 1422 4650 nn
1446 4599 1515 4666 p'ntte
1544 4603 1570 4649 ia
1599 4599 1719 4650 alritalie
1744 4601 1851 4666 position
1877 4601 1911 4653 de

290 4701 373 4765 pietro
399 4709 502 4766 coperia
525 4699 553 4750 di
577 4701 699 4750 carauni
723 4697 832 4762 antichi,
870 4692 916 4747 else
938 4698 963 4745 io
989 4696 1063 4747 oredo
1133 4693 1284 4748 l'nnaienne
1300 4697 1449 4747 Athlantide
1466 4698 1510 4764 qni
1529 4692 1799 4762 s'trendanoepnnte
1812 4697 1910 4762 Goiple

290 4813 372 4847 essere
388 4799 490 4864 Fenioip
519 4815 534 4847 e
550 4797 658 4848 oenone
674 4797 717 4847 oei
736 4797 763 4845 ai
777 4795 889 4844 dilettate
902 4791 968 4842 della
980 4793 1063 4842 studio
1133 4794 1165 4843 de
1179 4797 1205 4842 ia
1219 4795 1316 4856 grande
1325 4794 1397 4857 Syrte
1407 4788 1562 4860 jnspa⁸entre
1576 4797 1599 4842 le
1616 4794 1670 4857 Cap
1679 4795 1736 4842 Bon
1750 4788 1908 4862 d'Asripne,

290 4893 321 4942 ds·
338 4904 427 4962 passm
443 4873 550 4959 ιΙίιιςιιι,
577 4896 602 4944 ia
616 4909 648 4944 oe
664 4909 696 4943 ne
708 4889 796 4956 saceio
811 4907 844 4940 un
860 4889 935 4954 dono,
953 4885 1065 4951 affincdd
1094 4875 1098 4890 '
1133 4897 1157 4938 et
1182 4893 1206 4938 le
1231 4891 1285 4955 Cap
1309 4889 1442 4942 Maritima
1467 4890 1500 4940 de
1526 4891 1617 4953 Sinite,
1649 4886 1717 4938 itant
1738 4892 1773 4938 ies
1796 4891 1859 4940 lslet
1877 4891 1909 4943 de

290 4991 337 5054 pai
360 4991 539 5056 rpiegnndtia,
572 4992 606 5038 eni
627 4989 707 5040 direte
723 4991 743 5038 sl
759 4985 918 5052 significato,
948 4985 992 5035 else
1009 4985 1067 5052 putei
1133 4985 1220 5036 Maite
1245 4993 1270 5033 et
1295 4985 1328 5034 de
1355 4985 1425 5037 Goce
1451 4989 1486 5034 les
1504 4987 1604 5034 enciens
1621 4993 1737 5034 sommets
1755 4986 1789 5034 dn
1801 4983 1909 5050 semma

288 5087 412 5136 daratteri
428 5083 634 5138 racoliadonu·“
726 5101 732 5121 ·
1132 5083 1210 5133 Mont
1233 5079 1339 5146 Atinias,
1369 5082 1412 5148 qai
1437 5073 1557 5130 s'dleoait
1581 5094 1689 5148 prespae
1715 5097 1749 5131 aa
1776 5083 1859 5134 miliea
1876 5085 1908 5136 de

312 5227 315 5232 ι
345 5177 384 5248 ”l
416 5182 460 5236 De
485 5185 604 5234 Historia
626 5179 764 5233 Atlantidis
788 5185 815 5232 ei
832 5179 929 5245 ,diluvii
960 5179 1066 5244 Omici
1133 5175 1314 5228 i'Athlantide
1331 5175 1475 5241 suimergde
1493 5171 1556 5226 l'nn
1575 5185 1652 5226 aeaut
1669 5173 1691 5226 l'
1699 5179 1749 5230 Ere
1765 5179 1908 5233 stentem

286 5275 355 5330 vide
386 5277 471 5332 libros
506 5277 585 5332 eius:
631 5275 774 5346 Antiquitde
804 5287 837 5328 et·
860 5293 1001 5326 monument
1031 5277 1065 5326 ds
1134 5273 1211 5329 2298.
1231 5277 1334 5342 Epopne
1356 5275 1391 5324 dn
1409 5273 1507 5338 De'lage
1524 5269 1558 5324 d'
1571 5273 1677 5339 Ogygia.

286 5376 462 5440 department
483 5377 516 5426 de
535 5377 666 5427 Veuclnse
686 5377 718 5428 Τ.
738 5377 784 5441 11,
801 5379 829 5426 et
848 5371 985 5426 Mlmoires
1002 5389 1067 5440 pean

1449 5473 1525 5534 32·
