5004 6306
734 1607 1566 1752 crannunnurus
1878 1730 1881 1748 .

409 1847 1896 2019 nunuursrucunrcus

844 2325 1094 2402 orrtrr
1144 2325 1467 2400 nornen.
1654 2322 1777 2444 2¹·
1829 2323 1897 2334 ··

632 2428 1265 2569 Nunr'racuurcns
1316 2489 1673 2569 sacraria.
1758 2453 1806 2556 .’

342 2661 538 2768 Phoenicas
559 2705 706 2789 propriae
727 2679 838 2784 numi,
857 2702 943 2794 'licet
965 2705 998 2768 in
1021 2704 1091 2790 ipsa
1112 2702 1210 2770 huius
1230 2702 1360 2793 linguae
1377 2718 1409 2768 et
1425 2701 1623 2798 litteraturae
1639 2704 1837 2789 patriacum,
1861 2715 1966 2782 tamen

263 2812 277 2832 '
342 2837 446 2901 nequa
470 2819 700 2900 antiquissimis
724 2837 827 2902 neque
850 2818 1132 2901 praestantissimis
1155 2815 1251 2881 huius
1272 2819 1402 2903 generis
1417 2820 1618 2882 numismatis
1634 2817 1866 2900 annumerandi
1882 2827 1966 2887 suut.

342 2925 483 2992 'l'antmn
497 2931 583 2992 enim
598 2927 699 3008 abest,
714 2943 748 2994 ut
764 2927 816 2992 vel
829 2931 942 3022 unicus
958 2943 1101 2994 veterum
1116 2926 1352 3018 liberorumque
1360 2928 1552 3006 Phoenicius
1564 2932 1727 2994 civitatum
1741 2950 1857 2993 numus
1873 2926 1967 3008 nobis

341 3041 498 3126 supersit,
532 3053 568 3104 ut
598 3042 702 3106 omnis
731 3045 801 3106 eius
828 3024 956 3128 generis
984 3044 1121 3126 pecunia
1149 3056 1311 3128 superstes
1331 3025 1387 3106 ¹ad
1418 3037 1658 3108 Seleucidarum
1688 3057 1719 3106 et
1749 3033 1967 3105 Romanorum

341 3163 485 3237 tempora
513 3169 647 3238 eumque
673 3163 829 3233 aetatem,
865 3159 947 3239 quae
975 3151 1058 3218 inter
1080 3153 1275 3220 Antiochum
1296 3153 1345 3220 lV
1367 3165 1400 3234 qt
1419 3154 1602 3224 Antoninos
1623 3135 1774 3235 interero,
1797 3156 1965 3240 pertineat.

342 3263 491 3352 Plerique
523 3267 619 3328 etium
657 3267 770 3344 ueoei,
807 3281 874 3329 nou
909 3270 1059 3349 optimae·
1080 3267 1221 3331 iehrioae
1257 3275 1290 3332 et
1323 3268 1408 3334 male
1439 3269 1621 3334 conserenti
1637 3281 1721 3333 'esse
1756 3264 1862 3333 solent
1902 3265 1964 3351 (ol.

341 3381 371 3457 i.
392 3382 474 3458 ont,
517 3379 563 3442 lta
590 3391 625 3440 ut
653 3391 720 3442 tntu
750 3379 942 3464 antiquitate
968 3383 1145 3444 temnitis
1170 3385 1365 3465 praestantia
1395 3393 1426 3446 et
1453 3377 1690 3467 pulchritudine
1720 3384 1826 3445 nornis
1844 3375 1967 3444 (illiciis

342 3490 526 3577 Siculisque
552 3488 651 3577 longe
678 3489 848 3555 rotenoroo
879 3493 953 3554 sint.
1006 3488 1151 3568 Quorum
1182 3495 1273 3579 origo
1296 3485 1384 3558 nerto
1405 3509 1472 3573 eor,
1508 3494 1544 3558 hl
1565 3491 1605 3559 nd
1626 3491 1769 3578 Tyrum,
1801 3494 1966 3570 Sidonem,

342 3599 595 3679 Ptolemaidem,
618 3601 814 3669 Laodiceam
831 3618 862 3668 et
877 3601 1060 3668 Marathum
1077 3605 1253 3689 pertinent:
1275 3605 1490 3684 Antiocheoi,
1512 3606 1712 3682 tironenses,
1734 3604 1856 3688 Berytii
1873 3597 1967 3666 uelde

244 3786 247 3797 ,
340 3721 456 3782 incerti
482 3727 557 3780 sunt
588 3717 681 3800 (ride
711 3735 766 3780 no.
788 3713 874 3800 vlt:
914 3731 1058 3803 quotque
1085 3716 1189 3780 Areae
1220 3713 1400 3782 Caesareae
1429 3713 1505 3782 oiim
1529 3718 1629 3782 tribui
1652 3735 1723 3782 eum
1745 3715 1894 3802 Koppio,
1932 3713 1967 3778 hi
2064 3808 2066 3816 Α

342 3827 478 3895 ciliniae
506 3849 571 3893 nnn
604 3828 799 3892 Phoenicius
827 3832 934 3894 numia
961 3828 1047 3894 haud
1078 3826 1174 3894 dubie
1203 3831 1394 3895 accensendi
1425 3835 1501 3895 ‘sunt
1536 3833 1611 3910 (no.
1636 3823 1751 3912 viii).
1815 3825 1966 3891 Ceterum
2087 3835 2090 3842 '

341 3942 439 4030 longe
461 3941 606 4028 plerique
627 3937 787 4028 bilingues
810 3955 885 4007 sunt
905 3941 1090 4007 Phoeniciis
1110 3953 1142 4006 et
1157 3941 1290 4008 Graecis
1306 3941 1420 4008 litteris
1438 3943 1601 4030 inseripti:
1626 3941 1809 4008 Phoenitiia
1823 3944 1856 4005 in
1873 3953 1967 4005 usum

342 4057 460 4120 civium
489 4055 733 4141 indigenarum,
766 4057 908 4120 maxime
938 4055 1057 4142 plebis,
1094 4057 1178 4142 apud
1209 4073 1302 4142 qoam
1332 4059 1453 4143 patriae
1483 4055 1613 4144 liuguae
1631 4055 1668 4150 qt
1691 4059 1872 4141 setipmrae
1890 4065 1966 4118 orsus

344 4170 485 4234 noudum
514 4167 547 4232 in
578 4163 820 4232 desuetudinem
855 4165 994 4234 abieratt
1032 4168 1167 4234 Graecis
1202 4171 1235 4232 iu
1265 4187 1358 4234 usam
1389 4171 1576 4236 commercii
1606 4186 1677 4236 cum
1710 4171 1858 4234 unium-sn
1889 4164 1967 4230 orbe

344 4275 498 4347 Romano.

983 4393 1008 4458 l.
1072 4393 1158 4460 ΤΥ
1176 4395 1209 4460 lt
1238 4391 1326 4460 US.
1423 4415 1425 4422 ’
1536 4419 1539 4428 ’

470 4518 713 4618 Antiquissimi,
737 4531 789 4615 qui
807 4543 996 4616 supersunt,
1020 4533 1108 4593 numi
1132 4527 1225 4614 'l'yrii
1247 4522 1721 4615 Phoeniciis'litterisinscripti
1736 4527 1967 4615 imperantibus

343 4642 472 4729 regibus
502 4633 682 4707 Seleucidis'
705 4633 870 4728 'Antiocho
895 4630 960 4720 IV,
986 4636 1153 4706 Demetrio
1176 4639 1211 4723 l,
1249 4637 1482 4737 Demetrio'll,
1519 4641 1681 4708 Antiocho
1704 4630 1770 4705 Vll
1802 4643 1870 4704 cusi
1892 4651 1967 4704 sunt

343 4753 427 4818 intro
447 4777 549 4820 annes
571 4755 815 4840 eomputationis
837 4749 1079 4818 Seleucidarrim
1103 4757 1177 4841 (qui
1199 4759 1275 4821 au'ni
1296 4729 1404 4830 in'lris
1429 4759 1534 4821 numis
1556 4755 1671 4820 litteris
1692 4756 1815 4841 graecis
1832 4753 1967 4818 indicari

343 4864 467 4951 solent)
496 4872 676 4934 144-179
704 4870 726 4930 i.
746 4888 776 4931 e.
801 4871 982 4932 tac-134
1005 4888 1032 4930 a.
1055 4864 1130 4931 Chr.
1154 4890 1183 4930 n.
1215 4890 1244 4930 v.
1267 4867 1438 4933 Froehlieh
1466 4867 1609 4932 Annales
1632 4867 1744 4951 Syriae
1768 4861 1831 4930 tab.
1853 4871 1875 4931 7
1897 4887 1991 4951 sqq..

343 4976 469 5042 thhol
488 4981 588 5045 doctr.
609 4997 696 5045 unm.
718 4975 775 5058 ΙΙΙ,
797 4995 831 5065 p·
849 4983 921 5045 aas.
945 4971 1104 5046 'lilinmm
1126 4977 1168 5044 T·
1185 4979 1268 5066 V'p0
1281 4987 1334 5044 41.
1346 4986 1400 5046 45.
1433 4967 1506 5045 rdlis
1518 4963 1965 5061 muedunt'numi'Tyrinrum

344 5093 527 5171 autonomi,
561 5110 695 5179 quornm
717 5083 862 5180 pinique
881 5085 984 5158 annot
1004 5093 1177 5178 insumptus
1196 5091 1318 5158 hebent
1342 5087 1383 5158 ah
1405 5100 1577 5158 nocturno
1600 5095 1676 5157 nuni
1699 5092 1742 5158 V.
1760 5085 1797 5158 C.
1813 5083 1877 5160 tile
1896 5097 1919 5160 i.
1936 5104 1964 5159 a

250 5277 256 5297 ,
346 5207 460 5268 ma.
485 5199 583 5283 ΟΜ,
620 5221 683 5292 quo
711 5201 898 5288 ωἠονομέαν
929 5206 1036 5292 adepti
1058 5202 1246 5289 ruho-Pyrii
1276 5197 1549 5288 (r.··Jm.''mm.
1571 5197 1694 5286 xV‚4
1721 5210 1749 5287 9.
1774 5214 1803 5273 l.
1849 5208 1965 5274 Strohe

346 5313 486 5394 XVLP
513 5320 543 5392 ς.
564 5319 624 5403 2³)
652 5321 880 5406 computandos
908 5323 962 5401 (v.
991 5317 1115 5384 Norint
1145 5333 1253 5386 annus
1269 5331 1311 5384 ret
1333 5317 1460 5407 epocha
1488 5317 1815 5404 Syru-Macedonum
1839 5343 1868 5406 p.
1892 5327 1964 5388 323.
