4924 6304
503 647 576 722 182
627 642 761 710 LIBER
776 583 1024 710 snctthntts,
1060 636 1396 725 ntsssctttt‘t'ton'ns
1411 636 1694 705 Pttontttctnn.
1725 635 1873 703 CAPUT
1889 637 2089 705 snx'rtttt.

498 857 534 905 *rt
557 855 681 920 quoque
704 843 809 918 potest
830 829 895 915 legi
917 848 956 916 gru
979 852 1037 915 pro
1058 847 1129 917 ogr-p,
1166 841 1202 892 ut
1225 844 1260 917 p:
1282 843 1323 916 ῑιιι
1346 825 1488 892 Mettus
1521 849 1581 914 pro
1604 845 1653 921 Ἓξ
1678 831 1748 925 ⁸32}-
1791 824 2010 914 Liudbergius
2032 851 2125 914 rcpo-

502 969 582 1014 nens
605 962 673 1034 *inp
695 943 871 1008 litterarum
896 943 1034 1028 vestigia
1057 963 1121 1006 uon
1144 944 1341 1026 reputavisse
1364 943 1500 1006 videtur.

628 1074 753 1126 esnone
776 1056 887 1140 cunct)
922 1072 1049 1147 sennua}
1077 1062 1170 1144 caeru
1189 1053 1337 1132 fullonis
1358 1052 1438 1118 ΑΜ
1447 1050 1641 1120 -01αιιιιαε,
1685 1049 1872 1138 Complures
1895 1049 2004 1116 titulos
2027 1053 2125 1116 etiam

502 1170 652 1258 opificum
681 1167 827 1254 sepulcra
853 1142 1098 1232 ornantes'iam
1127 1189 1223 1252 supra
1250 1167 1390 1230 vidimus
1421 1163 1482 1229 Cit.
1506 1174 1538 1228 4.
1561 1171 1592 1231 7.
1615 1171 1671 1240 10;
1708 1165 1741 1231 h.
1768 1163 1791 1228 l.
1823 1186 1921 1229 unum
1948 1151 2125 1250 singulare,

502 1284 587 1369 quod
614 1281 737 1369 opificii
767 1303 884 1346 nomen
912 1283 1119 1366 praeponitur
1149 1282 1272 1344 nomini
1296 1281 1441 1364 proprio,
1478 1279 1535 1342 sed
1557 1281 1653 1342 etiam
1676 1281 1710 1342 iu
1733 1277 1776 1344 V.
1801 1275 1842 1340 T.
1865 1278 1980 1342 dicitur
2002 1291 2035 1341 et
2057 1298 2125 1370 ‘¹³33

500 1401 591 1490 33'3733
614 1401 629 1460 1
656 1394 725 1458 l'ar.
747 1401 799 1472 24,
823 1401 853 1460 3.
884 1402 936 1474 28,
965 1403 1004 1472 2,
1031 1406 1064 1456 et
1086 1414 1141 1486 ηπ,
1164 1395 1276 1484 ῆξιξη,
1301 1394 1398 1474 nhbttl
1422 1391 1517 1484 {1ng
1540 1398 1555 1454 1
1580 1389 1659 1478 lleg.
1679 1397 1733 1470 27,
1751 1395 1803 1456 ³9.
1828 1395 1870 1454 43
1900 1404 1933 1454 et
1953 1412 2062 1476 saepe.
2085 1429 2125 1440 -

501 1508 543 1575 N.
574 1531 621 1594 pr.
659 1525 782 1576 test-‚ens
818 1511 925 1572 cultor
960 1507 1105 1572 Hunnoe
1142 1508 1267 1591 arguit,
1313 1479 1397 1598 agn·
1416 1504 1518 1568 fuism
1548 1525 1666 1568 numen
1703 1502 1755 1566 rel
1787 1502 1950 1568 hominem
1986 1505 2127 1567 numinis

500 1627 601 1686 instar
631 1618 761 1684 cultum.
813 1619 851 1684 lu
880 1619 930 1684 bis
958 1634 1063 1684 autem
1093 1617 1194 1693 luisse
1224 1619 1373 1696 Annam,
1409 1615 1514 1681 Didiis
1536 1637 1699 1696 sororem,
1729 1617 1836 1702 prodit
1857 1613 2022 1680 Hannibal
2042 1615 2125 1701 apud

502 1732 560 1800 Sit.
591 1730 660 1796 ltal.
690 1739 720 1812 8,
747 1739 787 1796 50
808 1755 897 1819 sqq„
937 1731 977 1796 cf.
1000 1728 1097 1795 orit.
1121 1729 1207 1798 Fast.
1229 1735 1267 1808 3,
1291 1737 1353 1796 543
1375 1752 1463 1816 sqq„
1498 1731 1583 1794 unde
1613 1742 1761 1815 apparet,
1797 1727 1961 1793 Romanos
1982 1727 2126 1811 mythum

502 1848 541 1910 dc
562 1843 657 1908 Anna
679 1843 927 1930 Carthaginensi
950 1845 990 1908 ad
1014 1843 1141 1908 Annam
1166 1842 1364 1922 Perennem,
1395 1844 1514 1906 veteris
1535 1841 1641 1920 Latii,
1673 1855 1708 1906 ut
1731 1842 1871 1924 videtur,
1908 1863 2025 1907 numen
2048 1843 2124 1906 anni

502 1957 613 2022 orbem
635 1971 895 2041 repraesentans,
925 1953 1085 2020 retulisse.
1362 1953 1379 1968 “

1274 2041 1347 2106 nv.

830 2138 1462 2226 ‚onnruucrnnusrs
1506 2157 1780 2225 onosma.

618 2295 723 2373 Quam
738 2294 797 2359 sub
812 2293 874 2359 hoc
888 2317 1022 2359 numero
1040 2296 1114 2359 dodi
1136 2296 1375 2379 inscriptionem
1396 2297 1529 2381 turpiter
1551 2293 1692 2358 habitam
1709 2307 1741 2359 ct
1758 2297 1813 2360 vix
1828 2292 2009 2380 legendam,
2028 2296 2125 2380 petita

503 2425 552 2477 est
574 2433 616 2475 ex
638 2409 722 2486 libro
744 2410 988 2493 inscriptionum
1010 2407 1229 2486 Bcoerlondr‘,
1253 2409 1306 2492 qui
1321 2410 1406 2471 inter
1422 2383 1550 2471 codices
1569 2403 1806 2472 d'Orvillianos
1821 2405 1988 2472 Oxoniiiu
2005 2405 2125 2472 biblio-

504 2524 597 2589 theca
618 2519 797 2605 Bodlojann
818 2533 999 2584 asservatur
1020 2521 1067 2599 X,
1087 2527 1107 2584 2
1129 2523 1206 2586 insu.
1221 2527 1252 2599 2,
1270 2525 1329 2599 39,
1359 2521 1444 2586 uude
1465 2541 1571 2584 meuru
1595 2523 1627 2584 in
1650 2541 1742 2584 usum
1764 2520 1932 2604 descripsit
1953 2517 2003 2582 Cl.
2019 2521 2123 2604 Reoy.

505 2635 698 2702 Ber-erlandi
726 2637 796 2698 sive
826 2631 910 2696 nlius
941 2634 1120 2717 cuiuspiam
1149 2653 1246 2696 manu
1272 2633 1464 2718 adscriptum
1484 2633 1554 2713 cst,
1586 2654 1655 2697 eam
1677 2635 1712 2697 in
1734 2631 1967 2718 amphitheatro
1991 2630 2126 2698 Cartha·

503 2751 630 2838 giuensi
662 2747 724 2831 (de
754 2768 816 2832 quo
847 2767 878 2809 r.
914 2745 1042 2831 Temple
1070 2745 1279 2811 Excurrtonr
1304 2745 1320 2810 1
1349 2767 1421 2831 pag.
1446 2751 1517 2810 106.
1555 2745 1695 2811 Dureau
1723 2745 1764 2810 de
1791 2747 1826 2809 Io
1853 2747 1959 2810 Malle
1986 2769 2015 2832 p.
2041 2749 2124 2832 186)

503 2878 661 2948 repertam
685 2881 773 2924 esse:
817 2858 944 2943 quaudo
966 2872 998 2921 et
1019 2881 1039 2922 a
1061 2880 1123 2944 quo
1146 2871 1271 2942 reperta
1293 2859 1354 2935 sit,
1384 2857 1440 2922 ubi
1463 2879 1548 2922 nunc
1570 2861 1612 2922 sit
1632 2857 1730 2944 lapis,
1761 2859 1800 2922 de
1821 2880 1860 2920 eo
1884 2857 1964 2922 nihil
1986 2859 2125 2924 additur.

503 2974 641 3039 Duobus
663 2971 809 3036 versibus
826 2969 955 3034 Punicis
970 2968 1171 3055 longioribus
1193 2971 1206 3052 (
1215 2991 1296 3054 quos
1310 2992 1367 3034 nos
1385 2983 1532 3055 quattuor
1547 2968 1642 3035 lineis
1656 2971 1871 3053 reddidimus)
1892 2976 2124 3059 superscriptae

505 3101 579 3152 sunt
601 3106 660 3148 sex
682 3081 787 3146 lineae
809 3080 985 3144 litterarum
1008 3084 1220 3174 africanarum
1244 3105 1269 3146 s.
1292 3080 1470 3165 libycarum
1500 3083 1563 3162 (de
1587 3082 1702 3168 quibus
1730 3085 1803 3146 vide
1826 3085 1865 3147 ad
1889 3107 1942 3150 uo.
1966 3084 2047 3166 56),
2075 3089 2125 3150 ita

505 3200 649 3284 quidem,
689 3209 724 3258 nt
757 3196 922 3277 inscriptio
958 3193 1112 3280 bilinguis
1149 3193 1413 3280 punico-libyco
1448 3217 1520 3260 esse
1554 3196 1711 3260 videatur.
1761 3194 1859 3280 Atqui
1887 3195 2010 3280 Libyca
2040 3213 2125 3262 certe

504 3309 724 3393 inscriptionis
753 3329 825 3391 pars
855 3309 889 3368 in
919 3304 1152 3390 amphitheatro
1181 3303 1429 3392 Carthaginensi
1456 3321 1580 3392 reperta
1611 3329 1683 3372 esse
1715 3329 1779 3372 non
1806 3321 1926 3392 potestt
1958 3332 2018 3376 sex
2039 3314 2124 3376 enirn

506 3425 600 3486 huius
622 3421 840 3503 inscriptionis
862 3415 968 3480 lineae
991 3415 1072 3482 nibil
1093 3422 1257 3483 continent
1279 3422 1340 3483 nisi
1356 3419 1503 3486 mutilum
1520 3419 1737 3506 apographum
1751 3423 1969 3506 inscriptionis
1982 3422 2124 3506 Libycae

508 3539 540 3598 in
563 3545 768 3598 monumento
792 3529 958 3616 Tuggensi
981 3531 1056 3611 (uo.
1071 3531 1151 3612 56),
1181 3535 1212 3594 iu
1235 3553 1298 3616 quo
1314 3547 1427 3618 quarta
1441 3535 1509 3596 eius
1525 3531 1612 3596 linea
1626 3536 1744 3596 omissa
1766 3547 1830 3597 est:
1855 3555 1957 3619 neque
1972 3536 2124 3602 credibile

506 3663 554 3710 est
576 3647 712 3710 eandem
734 3646 971 3728 inscriptionem
994 3646 1089 3708 etiam
1113 3643 1307 3728 Ca'rthagine
1330 3657 1484 3729 repertam
1507 3665 1589 3708 esse.
1632 3644 1670 3709 ln
1689 3645 1815 3710 duobus
1831 3648 1978 3712 versibus
1994 3649 2125 3715 Punicis

507 3757 595 3824 nulla
616 3773 665 3822 est
687 3779 758 3820 cum
781 3756 911 3820 Punicis
928 3759 961 3818 in
978 3770 1184 3820 monumento
1200 3753 1366 3842 'l'uggcnsi
1381 3755 1571 3822 similitudo:
1595 3760 1781 3844 possintque
1794 3761 1892 3844 igitur
1908 3759 1941 3822 hi
1954 3763 1988 3824 iu
2003 3761 2125 3849 aruphi-

505 3871 629 3937 theatro
649 3867 924 3954 Carthaginensi,
960 3869 1017 3931 sed
1050 3871 1120 3931 sine
1147 3867 1261 3932 litteris
1291 3869 1440 3952 Libycis,
1476 3871 1594 3954 reperti
1624 3892 1706 3936 esse.
1751 3871 1791 3934 Et
1819 3871 1899 3936 haec
1926 3887 2032 3938 antem
2060 3889 2124 3938 tam

505 3983 588 4048 male
611 3981 720 4044 habita
740 3996 832 4059 suut,
855 3995 890 4044 ut
911 3983 1128 4064 interpretatio
1151 3984 1205 4044 rix
1230 3984 1345 4044 tentari
1367 3984 1476 4066 possit.
1520 3979 1619 4046 Nolui
1635 3996 1739 4046 tamen
1756 3988 1894 4050 retinere
1908 3985 2124 4072 apographum

506 4100 569 4160 iam
600 4099 681 4158 1825
711 4093 751 4157 ab
783 4091 896 4157 Odolr.
930 4091 1089 4156 hluellero
1124 4115 1248 4158 mecum
1286 4097 1569 4172 communicatum,
1604 4097 1636 4158 iu
1675 4117 1737 4181 quo
1772 4097 1908 4162 fortasse
1937 4097 2004 4171 :atii
2041 4103 2125 4165 vires

506 4205 783 4294 periclitabuntur:
808 4207 868 4269 hoc
883 4227 980 4269 unum
997 4203 1180 4284 affirmans,
1211 4205 1335 4270 litteras
1350 4206 1485 4271 Punicas
1501 4221 1533 4269 et
1548 4207 1687 4291 Libycas
1704 4230 1769 4274 nou
1784 4212 1917 4278 eandem
1934 4217 2125 4280 seutentiam

507 4322 671 4384 continere
687 4333 718 4382 ct
733 4321 789 4380 vix
804 4321 836 4382 in
852 4319 964 4381 eodem
983 4339 1142 4382 marmore
1157 4334 1299 4406 repertas
1319 4340 1400 4383 esse.

1013 4577 1263 4644 CAPUT
1308 4575 1624 4644 SEXTUM.

644 4713 1192 4791 INSCRIPTIONES
1243 4713 1538 4791 PUNICOr·
1564 4715 1982 4824 NUMIDICAE.

633 4882 983 4950 Punico-Nostr'dr'cor
1012 4905 1067 4947 aas
1097 4882 1293 4969 appellamus
1315 4887 1541 4970 inscriptiones
1563 4885 1740 4962 africanas,
1772 4905 1854 4969 quae
1877 4899 1971 4949 extra
1993 4883 2129 4956 Cartha·

508 5002 614 5085 gneus
651 5001 684 5062 iu
721 5001 821 5062 variis
857 5000 974 5082 partim
1008 5000 1077 5083 agri
1111 4995 1375 5083 Carthaginensis
1410 5000 1525 5080 partim
1562 4995 1734 5062 Numidiae
1769 4995 1953 5083 regionibns
1982 5017 2127 5086 repertae

509 5109 662 5196 peculiari
683 5111 818 5196 quodam
840 5114 1016 5195 scripturae
1039 5109 1233 5174 Phoenicius
1255 5131 1391 5196 genere,
1414 5107 1646 5194 negligentiore
1661 5109 1719 5174 illo
1735 5123 1767 5173 et
1782 5109 1930 5188 rudioro,
1954 5115 2126 5201 inscriptae

508 5236 598 5300 sont,
636 5225 719 5308 qnod
747 5221 954 5287 Numidicos·
983 5222 1234 5309 appellavimus,
1270 5226 1421 5306 cuiusque
1450 5223 1592 5286 rationes
1619 5233 1713 5286 antea
1741 5243 1805 5288 non
1835 5226 1979 5310 cognitas
2001 5240 2068 5294 turn
2092 5232 2124 5294 io

508 5333 664 5423 singulari
684 5331 795 5398 libello
818 5336 909 5421 (pag.
925 5335 988 5421 8),
1018 5350 1083 5400 turn
1104 5357 1199 5421 supra
1221 5334 1276 5400 lib.
1301 5342 1316 5400 t
1345 5337 1375 5412 1.
1398 5339 1439 5401 35
1469 5333 1509 5400 ci.
1533 5338 1607 5417 Η.
1633 5341 1673 5400 12
1696 5356 1765 5422 sqq.
1784 5339 1999 5423 exposuimus.
