4906 6300
497 638 546 714 82
611 629 744 700 LIBER
764 625 939 698 PRIMUS.
980 623 1355 694 rmaaouanaffla
1378 619 1634 690 PHOENICIA.
1678 619 1824 690 can't·
1847 620 2070 706 QUlN'l'Ubl.

625 821 681 898 ,De
707 821 858 884 universa
886 827 993 882 antem
1022 813 1084 880 bac
1111 813 1290 878 litteratura
1310 809 1510 898 singulisque
1532 816 1603 879 eiua
1621 811 1739 878 litteris
1761 810 1841 877 haec
1863 810 1958 877 nobis
1979 811 2122 876 animad-
2197 855 2200 865 ·

502 935 655 1002 vertenda
683 944 774 999 aunt:

630 1079 660 1138 l.
710 1069 902 1152 Palmyrena
928 1065 1011 1131 baec
1043 1067 1200 1151 scriptura
1235 1063 1432 1154 appellatur,
1473 1067 1624 1156 quoniam
1658 1077 1780 1131 tantum
1810 1085 1875 1130 uon
1910 1065 2020 1128 omnia
2051 1065 2121 1128 eiua

503 1197 709 1254 monumenta
733 1179 900 1264 Palmyrae
922 1191 1144 1265 reportarunt.
1187 1175 1318 1244 lllornm
1333 1201 1410 1246 vero
1425 1178 1590 1245 titulorum
1606 1201 1704 1244 unum
1718 1179 1759 1245 ad
1775 1177 1936 1242 Abilenen
1951 1177 2121 1262 pertinere,

502 1298 653 1385 illamque
674 1297 863 1380 scripturam
885 1315 925 1358 ea
946 1305 1049 1357 aetate
1065 1289 1273 1377 probabiliter
1294 1295 1327 1356 in
1351 1291 1447 1376 Syria
1468 1295 1619 1357 universa
1639 1293 1799 1377 viguisse,
1822 1303 1858 1354 ιιι
1879 1293 1949 1354 iure
1963 1311 2022 1355 auo
2036 1285 2122 1374 Syro

505 1413 610 1477 voomi
631 1409 752 1496 possit,
784 1407 904 1471 dudum
921 1404 1106 1470 observavit
1127 1399 1275 1469 Sur'rrton
1297 1403 1340 1489 (l.
1356 1427 1383 1469 c.
1407 1427 1479 1492 pag.
1499 1405 1592 1490 748).

628 1555 660 1613 2.
702 1545 841 1612 Matrem
864 1545 945 1610 baec
965 1545 1145 1610 litteratura
1169 1543 1265 1610 babet
1285 1549 1474 1631 scripturam
1496 1545 1689 1611 Aramaeam
1704 1541 1953 1629 Aegyptiacam,
1975 1563 2018 1608 ax
2032 1545 2124 1608 cuius

501 1660 615 1750 figuris
636 1658 846 1745 Palmyrenae
868 1660 1068 1747 explicantur
1089 1657 1131 1721 ad
1152 1678 1249 1722 unam
1273 1679 1385 1724 omoea
1408 1661 1526 1742 (etiarn
1550 1657 1631 1724 Nus
1650 1655 1777 1721 litterae
1799 1655 1904 1743 figura
1923 1654 2032 1722 finalis
2059 1658 2124 1720 iam

501 1777 535 1840 in
563 1773 621 1839 illa
650 1775 809 1860 scriptura
834 1772 1033 1855 invenitur):
1072 1773 1106 1836 in
1136 1793 1175 1836 eo
1207 1774 1377 1858 praecipue
1414 1773 1599 1850 immutata,
1638 1771 1722 1856 qnod
1755 1767 1880 1834 litterae
1908 1771 1973 1833 iarn
2002 1771 2036 1832 in
2064 1765 2124 1830 illo

502 1890 679 1972 scripturae
701 1907 820 1972 genere
841 1882 1017 1972 paullulum
1039 1885 1260 1948 sinistrorsnm
1281 1883 1405 1963 flexae,
1434 1898 1470 1948 ιιι
1489 1883 1593 1962 lietb,
1614 1883 1721 1962 Mers,
1746 1879 1902 1962 Saureclr,
1930 1883 2018 1959 Αιίι,
2041 1877 2125 1956 Ple,

503 2002 536 2065 in
559 1998 759 2082 Palmyrenis
781 2021 853 2063 corn
875 1995 1081 2083 sequentibus
1102 1995 1216 2060 litteris
1238 2017 1334 2082 saepe
1356 1993 1564 2083 copulantur,
1587 2015 1721 2082 eamque
1743 1993 1785 2058 ob
1807 2013 1937 2058 canaam
1955 1996 2051 2058 etiam
2068 1991 2125 2056 ubi

506 2133 570 2178 non
600 2125 675 2178 aunt
703 2109 868 2196 copulatae
898 2107 1068 2194 (nonnulli
1096 2111 1182 2174 enim
1212 2105 1297 2173 tituli
1326 2127 1346 2172 a
1373 2107 1488 2174 litteris
1509 2107 1618 2194 ligatis
1640 2107 1844 2184 abstinent),
1873 2126 1985 2192 scapos
2006 2105 2127 2170 babent

504 2227 724 2290 sinistrorsum
753 2221 858 2287 flexos
885 2221 925 2307 ').
968 2219 1063 2286 Aliae
1091 2218 1235 2300 litterae,
1267 2234 1303 2285 nt
1329 2219 1473 2300 Doletl,
1502 2220 1629 2299 Rercl,
1664 2219 1732 2285 Vae
1762 2239 1835 2282 enm
1864 2216 2126 2284 antecedentibus

504 2349 627 2402 tanturn
642 2335 759 2400 litteris
775 2332 917 2421 copulari
931 2347 1076 2420 possunt,
1091 2347 1124 2398 et
1138 2331 1260 2398 nullam
1275 2333 1344 2398 iere
1358 2337 1566 2399 mutationem
1580 2332 1758 2398 subierunt.
1782 2328 1980 2396 Peculiarem
1989 2329 2125 2396 formam

498 2449 639 2530 finalem
661 2470 726 2513 una
747 2447 844 2513 babet
863 2445 970 2512 littera
983 2445 1078 2528 Nos,
1100 2467 1197 2532 quum
1218 2447 1252 2510 iu
1272 2445 1669 2534 Aramo-Aegyptiacis
1687 2443 1752 2508 ianr
1766 2443 1849 2507 duae
1868 2441 1996 2508 litterae
2011 2441 2127 2508 finales

505 2575 645 2628 exstant.
689 2559 803 2648 Neque
825 2559 888 2625 boc
917 2561 1051 2639 mirum,
1083 2580 1181 2645 quum
1207 2559 1366 2639 eiusmodi
1392 2557 1516 2646 figurae
1547 2559 1676 2623 nonnisi
1705 2559 1739 2620 in
1771 2553 1829 2620 tali
1862 2559 2020 2641 scriptura
2049 2555 2127 2620 oriri

504 2687 653 2762 posamm,
683 2695 770 2759 quae·
786 2673 885 2738 verba
906 2675 1020 2760 spatiis
1041 2671 1192 2736 distincta
1214 2670 1358 2738 baberet.
1402 2669 1606 2736 Contrarium
1620 2669 1748 2755 quidem
1762 2689 1879 2755 magno
1895 2691 1967 2734 cunr
1981 2669 2127 2752 strepitu,

505 2801 540 2852 ιιι
560 2784 685 2850 solebat
707 2788 755 2850 vir
777 2785 890 2850 beatus
910 2787 943 2849 in
967 2783 1063 2848 robus
1085 2786 1210 2870 parvis,
1234 2799 1345 2850 contra
1366 2807 1426 2850 noa
1448 2783 1585 2850 affirmat
1606 2781 1753 2868 Koppiaa
1778 2779 1828 2866 (ll
1843 2803 1873 2867 p.
1890 2781 1971 2866 132)
1994 2779 2036 2844 ad
2049 2776 2126 2844 Non

504 2897 603 2964 finale
617 2897 882 2982 Palmyrenorum
898 2899 1103 2982 inscriptura
1117 2917 1183 2960 non
1198 2897 1347 2962 distincta
1363 2918 1553 2982 provocant,
1573 2895 1632 2960 aed
1652 2895 1714 2959 bac
1729 2897 1799 2980 ipsa
1811 2915 1847 2958 re
1861 2897 1910 2959 vir
1924 2895 2127 2960 doctissimae

505 3009 686 3076 luculenter
706 3008 865 3074 refellitur
877 3035 899 3080 ι,
915 3007 975 3072 loe
996 3013 1082 3072 enin
1102 3006 1306 3086 Nanfinole
1326 3006 1589 3093 Palmyrenorum
1608 3027 1673 3072 sos
1694 3007 1786 3093 opud
1805 3013 1894 3093 r'pror
1906 3005 2126 3090 Palmyrenos,

507 3143 611 3208 neque
625 3127 662 3186 ιἰι
678 3128 834 3186 continua
850 3127 1017 3206 rcrr'ptrrro
1031 3128 1136 3184 orturr
1151 3129 1212 3198 ert,
1234 3121 1294 3186 red
1307 3141 1354 3186 erc
1366 3128 1533 3208 rcrr'ptrrro
1550 3121 1961 3208 Arusacen-Aegyptam
1972 3124 2126 3206 petitura,

507 3237 542 3300 iu
564 3255 627 3321 qna
647 3231 747 3298 verba
767 3253 928 3318 nunqnam
947 3253 1011 3296 non
1027 3233 1139 3318 spatiis
1160 3233 1312 3297 distincta
1326 3249 1410 3300 sunt.
1455 3231 1562 3298 Simili
1578 3233 1673 3298 modo
1687 3231 1811 3320 figurae
1828 3232 2006 3298 litterarum
2022 3229 2126 3308 Bari,

510 3345 621 3432 Capi,
644 3345 754 3422 Meus,
769 3341 933 3444 'Scaeam
955 3345 1027 3408 Ain
1048 3365 1161 3429 scapos
1183 3343 1267 3410 inira
1289 3347 1509 3412 sinistrorsnm
1532 3345 1655 3425 flexos,
1693 3367 1774 3431 quor
1795 3347 1830 3410 in
1851 3347 2008 3428 scriptura
2028 3341 2127 3429 ligata

510 3457 772 3541 Palmyrenorum
793 3458 1040 3543 adoptaverant,
1069 3458 1165 3522 etiarn
1185 3461 1219 3522 in
1241 3459 1399 3543 scriptura
1420 3460 1575 3545 quadrata
1595 3457 1794 3536 retinebant,
1828 3475 2008 3542 quanquam
2030 3453 2126 3522 huius

507 3569 633 3636 litterae
655 3569 752 3658 ligari
774 3591 839 3634 non
860 3569 976 3652 solent.
1479 3553 1481 3559 Α

635 3716 666 3775 3.
710 3709 829 3776 Gontra
849 3713 1007 3796 scriptura
1027 3707 1249 3775 Hebraeorum
1272 3712 1426 3798 quadrata
1446 3725 1587 3777 nostram
1608 3716 1795 3797 scripturam
1819 3709 1966 3794 agnoscit
1980 3693 2125 3792 matrem,

506 3825 552 3888 ita
572 3837 607 3888 ιιι
629 3843 742 3888 omnes
763 3826 833 3888 eius
854 3821 978 3910 figurae
1000 3820 1053 3888 val
1074 3823 1205 3886 eaedem
1220 3826 1285 3889 aiot
1307 3826 1421 3907 (modo
1440 3827 1473 3888 in
1490 3821 1750 3900 oxoniensibus,
1773 3825 1868 3888 modo
1884 3823 1917 3887 in
1932 3821 2126 3908 Romania),

506 3935 559 4000 rel
578 3935 673 4002 lacile
688 3937 764 4001 inde
781 3933 937 4020 explicari
950 3939 1073 4022 possint
1094 3935 1150 4021 (ci.
1166 3934 1283 4015 Girrei,
1304 3935 1360 4002 He
1381 3953 1406 4004 ιι
1428 3959 1469 4002 ex
1491 3917 1567 4048 ΤΙ,
1589 3933 1727 4000 Sonent
1749 3951 1769 4003 o
1792 3959 1834 4000 ex
1856 3911 1962 4050 Dp
1987 3942 2128 4027 exceptis

507 4047 586 4113 solis
612 4047 727 4114 litteris
761 4048 844 4114 cher
871 4063 904 4112 et
931 4049 1048 4136 Kopd‚
1088 4051 1121 4112 in
1158 4047 1273 4134 quibus
1308 4049 1460 4135 quadrata
1491 4047 1596 4136 ligura
1633 4050 1673 4114 ad
1697 4047 2127 4139 Aramaua-Aegyptiarum

508 4164 638 4246 propius
658 4163 801 4240 accedit,
830 4176 863 4226 et
883 4161 924 4227 ab
946 4159 1021 4241 illa,
1055 4183 1118 4226 non
1141 4183 1161 4226 a
1182 4157 1373 4244 Palmyrena
1394 4163 1530 4246 repetita
1551 4175 1609 4227 eat.

634 4309 666 4365 t.
709 4301 904 4366 Litterarum
922 4303 955 4366 in
979 4300 1162 4366 Phoeniciis
1184 4303 1392 4387 capitatarunt
1415 4299 1518 4380 Belli,
1542 4301 1677 4384 Doleid,
1702 4303 1805 4392 Copl,
1829 4305 1919 4386 Are,
1941 4305 2050 4371 Βοιώ
2075 4305 2128 4371 bic

508 4416 604 4479 etiarn
632 4411 789 4478 habemur
817 4413 938 4478 formas
960 4414 1117 4502 capitibus
1138 4434 1275 4500 superne
1296 4416 1434 4501 apertis:
1465 4417 1499 4480 in
1522 4413 1630 4482 multis
1652 4433 1758 4483 antam
1780 4415 1881 4483 titulis
1903 4421 2073 4506 praecipue
2094 4421 2128 4484 in

508 4523 681 4604 Romanis,
712 4528 817 4612 capita
838 4525 933 4612 plane
955 4541 1169 4606 evanuerunt,
1199 4540 1235 4591 nt
1256 4529 1290 4591 in
1310 4528 1473 4614 quadrata.
1515 4527 1580 4594 Ain
1603 4531 1701 4610 adeo,
1732 4532 1815 4618 quod
1835 4534 1870 4596 in
1885 4528 2130 4598 Oxonienribus

508 4637 644 4725 figuram
673 4639 859 4723 quadratam
890 4637 1001 4716 babet,
1037 4643 1071 4704 in
1102 4639 1256 4706 Romania
1283 4661 1354 4730 earn
1384 4643 1449 4732 ianr
1477 4641 1612 4708 formam
1634 4641 1784 4720 exhibet,
1820 4646 1954 4729 quaein
1976 4644 2131 4728 Syrorum

509 4754 666 4838 scriptura
687 4751 879 4838 Eatrangelo
902 4753 987 4818 dicta
1009 4751 1150 4840 uulgaris
1172 4767 1231 4818 est.
1255 4793 1293 4805 -
1322 4755 1379 4822 He
1402 4745 1436 4820 in
1458 4758 1665 4841 inscriptione
1685 4754 1830 4820 llomana
1853 4753 1988 4838 Palmyr.
2007 4755 2132 4821 Graeca

511 4867 672 4928 vanarum
693 4863 871 4950 figurarum
892 4867 1115 4952 antiquissima
1136 4879 1186 4930 eat
1206 4879 1239 4932 et
1260 4871 1527 4956 origiuemsuam
1542 4889 1585 4932 ex
1598 4871 1756 4954 scriptura
1768 4866 1938 4954 phoenicia
1959 4868 2020 4952 (of.
2033 4870 2131 4933 etiarn

511 4973 566 5040 He
588 4974 761 5062 fragmenti
783 4975 1016 5064 Tauriuenris)
1039 4979 1159 5065 prodit:
1183 5001 1226 5047 ex
1246 4984 1360 5048 eadem
1382 4995 1486 5047 ortum
1507 4979 1560 5042 lla
1582 4981 1753 5066 quadratae
1776 4983 1962 5066 scripturae.
1992 5019 2031 5031 —
2066 4979 2135 5047 Jod

511 5085 643 5174 reliquis
672 5087 772 5154 ninlto
802 5093 906 5157 maius
934 5095 968 5158 in
998 5094 1111 5160 eodem
1141 5093 1233 5162 titolo
1265 5093 1451 5184 comparens
1479 5093 1590 5158 itidem
1612 5095 1721 5178 parvis
1741 5091 1854 5181 liguria
1877 5095 2038 5178 antiquius
2060 5115 2133 5160 esse

553 5350 594 5433 f)
616 5351 686 5408 vide
703 5355 781 5424 Kopp
800 5355 837 5422 ll,
854 5371 914 5428 pag·
931 5352 991 5408 tot.
