4992 6292
388 635 762 708 rnnnsosnnrmn
776 636 1062 706 COMPARA'l'd.
1099 647 1128 718 5.
1142 645 1195 706 49.
1216 637 1372 706 Pfflscn
1387 639 1570 710 innunt:
1584 639 1917 752 Ltt't'sttnsl'ttttn.
1942 650 1987 724 71

366 825 562 894 litteraturae
599 825 742 894 Grseose
767 849 823 894 .os
861 825 997 894 Oriente
1039 847 1152 892 recens
1187 829 1341 893 advectae
1377 831 1550 915 imaginem
1586 833 1727 899 reieroot
1744 832 1796 920 *),
1839 833 1916 900 licet
1953 841 1986 902 in

361 921 580 1006 'mmumemts
601 939 698 1006 bodie
718 937 945 1026 superstitibus
967 937 1022 1005 bio
1041 937 1109 1004 illic
1131 941 1310 1004 recentiore
1325 963 1396 1006 eum
1413 940 1753 1014 Graecieeommeroi'o
1766 961 1986 1034 temporetam.

494 1059 524 1117 1.
567 1053 649 1120 Prae
670 1054 806 1118 caeteris
825 1051 1031 1118 Phoenicium
1056 1052 1213 1138 originem
1236 1050 1359 1118 redolet
1372 1055 1413 1137 ”l
1436 1063 1581 1120 osterum
1596 1056 1810 1124 Etmcorsss
1829 1063 1987 1148 scripturo

363 1172 398 1234 in
419 1171 501 1234 vorti
519 1168 648 1253 generis
670 1167 900 1242 monumentis,
929 1166 1069 1230 maxims
1099 1162 1349 1249 sepulcralibus,
1376 1187 1512 1252 quorum
1541 1169 1698 1253 permulta
1719 1186 1863 1254 exstant,
1899 1187 1931 1237 et
1950 1178 1984 1238 in

364 1283 435 1349 eius
454 1279 597 1366 regionis
625 1280 729 1350 numis
761 1274 942 1360 obviam),
972 1289 1044 1362 post
1072 1275 1291 1357 Boonurots's',
1321 1277 1503 1366 Ronrgets',
1533 1285 1700 1367 praecipue
1732 1283 1832 1350 corn
1851 1309 1944 1352 omas
1965 1307 1986 1350 o

362 1396 492 1463 laesuro
516 1390 664 1478 (Soggs'o
685 1390 723 1456 ds·
740 1391 858 1474 lingua
879 1387 1025 1456 Etrusco
1049 1411 1068 1454 c
1089 1389 1128 1454 di
1147 1391 1235 1455 ultre
1258 1390 1392 1457 ostiolo
1413 1391 1573 1459 d'Itcttm
1618 1393 1722 1460 Roma
1745 1402 1828 1462 1789
1850 1396 1889 1464 Τ.
1904 1397 1930 1466 Ι.
1945 1397 1985 1464 ΙΙ

363 1509 400 1577 Ρ.
417 1507 446 1574 Ι.
464 1505 506 1572 ΙΙ.
528 1505 567 1571 cl.
589 1501 715 1570 Eekbel
735 1501 780 1568 D.
796 1500 839 1568 N.
860 1500 888 1582 Ι,
910 1525 944 1588 p.
959 1489 1022 1567 119Ι
1032 1502 1114 1589 sqq.)
1137 1515 1168 1568 et
1190 1524 1294 1589 nuper
1316 1501 1357 1567 sb
1379 1503 1543 1582 Odofredo
1558 1506 1705 1574 Monere
1726 1508 1798 1590 (die
1812 1509 1985 1576 Idtrnster.

362 1619 497 1690 Breslso
519 1623 612 1684 1828.
630 1614 665 1696 Ι,
687 1619 751 1682 406
762 1637 831 1702 sqq.
854 1612 904 1694 ΙΙ,
933 1637 964 1700 p.
986 1619 1049 1680 290
1063 1615 1154 1701 sqq.)
1183 1617 1276 1682 docte
1302 1615 1479 1695 illustrem,
1511 1620 1602 1684 cuius
1622 1617 1746 1686 litteras
1768 1637 1986 1707 repraesentet

363 1731 633 1799 tabulsenostrae
648 1727 807 1794 secundos
824 1725 972 1792 colomna
986 1725 1087 1792 altero
1108 1728 1334 1811 (ui.1.ausium
1350 1727 1376 1792 Ι.
1398 1750 1428 1813 p.
1444 1735 1505 1795 208
1521 1751 1587 1818 sqq.
1609 1730 1782 1800 Millerum
1797 1732 1840 1798 ll.
1863 1757 1893 1820 p.
1908 1737 1982 1818 294)

362 1846 419 1912 sed
435 1848 481 1910 its
503 1844 690 1929 dispositas,
721 1855 757 1905 nt
780 1861 850 1905 cum
874 1837 1044 1926 olpbabeto
1065 1839 1235 1926 phoenicio
1256 1839 1383 1906 facilius
1405 1845 1552 1928 componi
1572 1846 1711 1928 possint,
1740 1848 1783 1910 iis
1804 1843 1983 1926 elementis,

362 1997 443 2062 quoe
464 1960 488 2038 ι’
506 1971 639 2038 Graecis
660 1970 768 2035 addite
790 1980 880 2048 sunt,
902 1982 937 2033 nt
960 1968 980 2042 8
1005 1969 1054 2054 (p)
1078 1981 1110 2033 et
1148 1959 1188 2056 ψ
1222 1971 1265 2054 (χ)
1291 1963 1388 2057 plan'e
1407 1973 1535 2037 omissis
1548 1971 1593 2056 †).

487 2083 539 2152 De
559 2081 697 2171 singulis
718 2080 853 2162 litteris,
877 2101 960 2167 quse
979 2101 1021 2146 ex
1042 2083 1201 2167 scriptore
1222 2083 1409 2169 retrograda
1429 2087 1547 2170 petitae
1569 2097 1645 2150 sunt
1665 2103 1797 2168 omues,
1829 2101 1922 2176 utque
1944 2093 1983 2155 de

360 2203 513 2268 univorsa
530 2196 693 2264 scribendi
715 2197 839 2260 ratione
862 2192 942 2260 bueo
965 2208 1092 2262 notasse
1106 2193 1255 2263 sufficiet.
1281 2199 1323 2276 Β,
1336 2197 1370 2262 Δ
1383 2209 1414 2259 et
1431 2193 1654 2284 O(0microo)
1675 2200 1710 2262 in
1726 2198 1787 2266 bec
1803 2199 1985 2268 litteratura

361 2315 489 2391 desunt,
511 2289 683 2397 propterea
696 2309 781 2396 quod
795 2305 906 2391 lingua
919 2305 1053 2372 Etrusca
1069 2306 1120 2372 his
1134 2309 1223 2372 souis
1237 2307 1382 2372 carebat:
1406 2307 1437 2372 0
1451 2307 1577 2374 litterae
1592 2310 1739 2398 exempla
1752 2316 1786 2378 in
1803 2316 1985 2401 peregrinis

360 2440 482 2492 tautum
512 2422 608 2489 obvio
633 2434 719 2486 snut.
764 2419 813 2485 Eo
842 2417 1006 2507 alphabeti
1033 2417 1123 2500 loco,
1155 2443 1217 2508 qno
1242 2417 1322 2484 Zeta
1350 2417 1547 2486 Graecorum
1577 2435 1642 2502 est,
1673 2423 1750 2490 Saia
1774 2425 1982 2506 l'boouicnm,

360 2540 440 2604 duos
461 2535 584 2624 figuras
606 2536 788 2620 posuimus,
811 2555 891 2620 quae
914 2531 1011 2619 volgo
1031 2535 1159 2620 quidem
1180 2535 1221 2598 ad
1246 2532 1357 2619 Signo
1377 2533 1616 2614 referebantur,
1643 2534 1726 2602 band
1755 2539 1853 2604 dubie
1875 2555 1981 2604 tumen
2046 2547 2050 2556 ’

360 2653 507 2718 diversus
531 2631 668 2735 originis
687 2659 764 2712 suut
785 2649 837 2728 (ιι.
861 2643 1035 2714 Miillerum
1058 2669 1091 2732 p.
1113 2647 1196 2728 307)
1221 2657 1255 2709 et
1280 2645 1435 2710 suadente
1463 2643 1568 2732 figura
1597 2648 1638 2713 sd
1662 2647 1741 2714 Seio
1762 2655 1981 2738 potiusquam

360 2765 401 2832 sd
415 2760 552 2830 Samech
573 2762 732 2848 pertinere
754 2760 902 2826 videntur
922 2761 973 2844 (v.
988 2759 1029 2823 ad
1049 2761 1078 2838 1.
1094 2764 1148 2840 46,
1170 2763 1200 2824 3.
1220 2763 1263 2823 tt
1284 2757 1324 2821 nd
1344 2755 1426 2823 Zets
1447 2771 1480 2822 et
1500 2757 1645 2846 Sigma).
1666 2799 1710 2812 -
1731 2761 1878 2829 Ceterum
1902 2786 1982 2830 non·

361 2897 523 2964 nonquam
542 2876 623 2939 dnae
641 2871 766 2938 litterae
787 2876 871 2956 inter
886 2894 921 2938 se
936 2893 1103 2936 connexae
1119 2886 1194 2936 suut
1215 2870 1361 2956 (Pesseri
1376 2870 1493 2936 Museo
1509 2871 1645 2938 Etrusco
1668 2873 1726 2953 ΙΙΙ,
1746 2898 1779 2962 p.
1796 2881 1847 2941 87.
1877 2877 1983 2942 Lausi

359 2987 383 3055 l.
406 3011 432 3054 c.
452 3011 483 3076 p.
505 2991 609 3071 220),
641 2983 768 3050 vocales
789 2985 905 3050 breves
927 3005 1016 3050 more
1037 2981 1231 3049 Phoenicum
1258 2981 1395 3048 subinde
1417 2985 1565 3051 omissae.
1608 2983 1733 3052 Versus
1762 2990 1796 3052 in
1820 2987 1980 3075 plerisque

360 3103 576 3170 monumentis
599 3119 619 3164 s
643 3097 777 3164 dextere
804 3097 844 3164 ad
874 3095 999 3162 laevam
1025 3108 1174 3176 currunt,
1206 3094 1283 3162 licet
1309 3098 1405 3160 etiarn
1434 3099 1586 3164 contrarii
1616 3101 1715 3164 moris
1746 3113 1779 3165 et
1805 3105 1980 3188 scripturae

359 3195 600 3300 tiosospoppdbe
621 3208 776 3274 nonnulle
799 3208 946 3294 exempla
967 3209 1073 3274 ndsint
1102 3211 1226 3292 (Lausi
1246 3208 1280 3289 Ι,
1303 3231 1335 3295 p.
1357 3211 1457 3294 221);
1485 3209 1656 3276 verborum
1681 3212 1843 3278 distinctio
1864 3213 1902 3278 fit
1925 3237 1980 3300 per

360 3323 488 3415 singula
502 3335 635 3412 puncta,
658 3323 825 3406 sedsaepe
839 3341 920 3407 vogn
942 3334 991 3386 est
1012 3335 1044 3386 et
1064 3325 1250 3389 inconstans
1272 3321 1391 3410 (Lausi
1405 3345 1434 3408 p.
1449 3321 1533 3407 281).
1576 3312 1627 3388 De
1641 3325 1979 3411 signisnnmeralibns

360 3441 566 3507 Etruscorum
586 3437 694 3522 paucis
715 3435 833 3500 dictum
858 3447 907 3498 est
927 3433 1012 3498 inim
1033 3437 1059 3512 1.
1079 3439 1127 3500 58.

488 3555 519 3616 2.
562 3547 592 3613 A
613 3547 730 3612 litteris
755 3546 898 3613 Etruscis
921 3567 1017 3633 prope
1035 3545 1152 3610 absunt
1170 3549 1307 3612 litterae
1334 3547 1506 3614 Ussdrs’oac
1527 3550 1561 3613 in
1589 3546 1708 3616 tabulis
1730 3527 1979 3638 Eugrrbinisst)

226 3741 231 3748 ,
359 3665 493 3752 aliisque
507 3664 640 3728 minoris
657 3665 811 3726 momenti
824 3659 925 3726 titulis
946 3656 1072 3737 obviae,
1097 3658 1136 3722 de
1153 3659 1267 3744 quibus
1282 3661 1457 3726 enodandis
1475 3675 1507 3724 et
1522 3658 1721 3726 illustrandis
1737 3677 1807 3748 post
1818 3664 1978 3728 Lennium

413 3941 442 4008 *)
459 3937 596 4007 Scriptura
618 3944 698 3990 vetos
721 3934 814 3989 italice
835 3942 938 3988 tautum
962 3947 1019 3986 nou
1045 3929 1133 3986 omnis
1253 3926 1289 3998 1,)
1317 3929 1360 3986 Gt.
1394 3929 1506 3984 similem
1537 3931 1629 4000 Lepsii
1655 3933 1790 3999 tabulam,
1822 3936 1855 3986 de
1885 3937 1979 3988 tutone

360 4057 374 4092 ιι
402 4039 497 4090 dextre
522 4036 556 4087 sd
579 4035 686 4090 hevam
711 4033 793 4087 currit
818 4047 895 4086 more
920 4028 1060 4092 orientali,
1087 4027 1133 4099 qul
1201 4031 1338 4094 sugotmt·
1355 4045 1382 4097 p.
1401 4031 1446 4084 73.

360 4136 430 4205 spud
449 4135 584 4198 Graecos,
609 4138 639 4183 ot
657 4129 773 4183 vidimus
790 4129 827 4198 (ς.
844 4129 893 4196 46,
912 4127 952 4196 1),
974 4143 1133 4182 mouumen-
1252 4120 1305 4192 ††)
1331 4127 1415 4180 'reste
1440 4125 1572 4179 Conciolo
1597 4143 1684 4178 novem
1711 4123 1843 4194 eiusmodi
1869 4128 1976 4182 tnbnlse

358 4229 541 4288 tornmhodie
555 4225 727 4296 superstitum
748 4233 834 4278 netete
854 4223 877 4278 si
890 4241 946 4278 nou
964 4225 993 4278 iu
1006 4225 1133 4280 desueto·
1201 4219 1306 4295 lgurii,
1337 4223 1408 4275 hund
1430 4221 1544 4295 ignobili
1567 4223 1727 4275 Umbrorum
1756 4223 1874 4292 oppido,
1906 4223 1977 4278 inter

360 4329 448 4383 dinem
463 4327 581 4390 abierat,
601 4331 674 4378 certe
691 4321 842 4376 rarissimus
860 4329 925 4374 eret.
1199 4320 1296 4374 rudera
1316 4319 1409 4389 templi
1429 4319 1504 4374 lovis
1521 4314 1657 4388 Apennini
1683 4335 1755 4374 suno
1777 4319 1845 4374 tttt
1869 4329 1975 4390 reperto

1200 4423 1275 4470 snut:
1299 4433 1411 4487 quarum
1429 4427 1522 4486 septem
1540 4415 1670 4486 (reliquae
1685 4416 1730 4470 nbi
1749 4416 1819 4482 siut,
1846 4414 1973 4484 uescitur)

1198 4514 1321 4586 vulgavit
1345 4516 1538 4568 Drsrsrsnos
1561 4513 1590 4568 in
1608 4517 1710 4566 Etruria
1733 4519 1813 4579 regau
1839 4515 1873 4568 sd
1896 4515 1931 4567 Τ.
1950 4511 1972 4566 Ι.

1198 4629 1222 4680 p.
1247 4613 1281 4666 91
1316 4612 1352 4666 ci.
1377 4610 1484 4666 Gruteri
1508 4613 1591 4673 Thes.
1615 4611 1696 4666 inser.
1721 4612 1756 4664 Τ.
1777 4613 1799 4664 l.
1826 4627 1852 4678 p.
1872 4610 1971 4678 CXLI,

410 4477 454 4540 ”i
480 4475 605 4554 Fuerunt
626 4469 743 4538 iccirco,
779 4467 825 4538 qui
850 4469 978 4522 Etnrscos
1009 4470 1042 4523 sb
1071 4473 1132 4538 ipsis

359 4571 537 4626 Phoenicibus
553 4569 656 4623 litteras
675 4565 808 4624 didicisse,
820 4565 1029 4633 contenderent,
1055 4569 1131 4621 velut

358 4667 452 4721 Bnonr
480 4683 573 4736 opusc.
595 4667 686 4720 letter.
709 4663 769 4731 Ill,
801 4679 827 4731 p.
849 4659 919 4728 114,
948 4675 1016 4730 qrrcs
1033 4663 1129 4717 merito

359 4763 460 4819 “femi
481 4766 513 4818 ⁰·
529 4767 657 4816 Mlum'
674 4763 693 4815 ¹·
712 4765 781 4830 Μ’·
799 4761 861 4814 ²⁹¹⁸
1200 4804 1233 4856 Et
1257 4805 1351 4857 herum
1381 4803 1488 4873 ‹pridem
1519 4809 1626 4874 quinque
1650 4800 1783 4854 Umbriois
1811 4801 1907 4857 litteris
1929 4804 1974 4857 in-

410 4901 463 4972 m)
482 4905 554 4960 Vide
570 4903 759 4972 inscriptiones
779 4917 937 4967 uumornm,
960 4915 1132 4971 gemmarum,
1200 4897 1314 4968 scriptae
1332 4909 1408 4967 srrnt,
1427 4901 1496 4952 ιΙιιιιιι
1510 4915 1611 4968 eaeque
1632 4897 1763 4950 maximae
1782 4895 1893 4954 Lutiuis.
1929 4903 1973 4954 De

358 5015 501 5069 susumus,
524 5000 683 5055 laminarum
706 4997 830 5068 variique
847 4995 954 5069 generis
971 5011 1130 5049 mouttrnen·
1200 5003 1286 5049 setste
1305 4997 1454 5050 tubulorum
1472 4996 1576 5050 incerta
1592 5011 1657 5048 sene
1674 5001 1702 5047 et
1714 4992 1794 5048 dubis
1812 4994 1971 5065 disputatio:

359 5107 447 5152 torum
480 5098 633 5152 funebrium
666 5097 735 5165 opud
767 5100 889 5148 Loesium
920 5098 954 5150 Τ.
980 5095 1015 5149 ll.
1053 5097 1081 5149 P.
1108 5097 1130 5162 l,
1198 5108 1254 5144 uon
1271 5093 1475 5145 contemnendis
1501 5101 1590 5146 tamen
1616 5089 1779 5164 argumentis
1799 5097 1905 5161 Lepsios
1929 5101 1971 5147 ts-

360 5195 450 5265 ibique
479 5197 532 5249 tab.
567 5194 668 5248 1-16.
707 5195 751 5247 De
773 5194 870 5246 horum
897 5201 1131 5248 monumentorum
1199 5190 1274 5242 bulso
1292 5187 1419 5242 [imbrice
1437 5187 1577 5258 inscriptas
1595 5193 1677 5241 semin
1694 5195 1754 5256 post
1775 5189 1810 5244 V.
1829 5189 1860 5250 C.
1882 5203 1971 5262 quarto

359 5300 446 5346 setene
463 5290 526 5348 tide
544 5293 578 5348 0.
590 5291 773 5346 Mususnus
792 5291 827 5355 li,
847 5307 874 5358 p.
891 5291 952 5358 315,
970 5289 1016 5360 qni
1035 5289 1132 5358 seculis
1199 5287 1232 5339 sd
1247 5285 1327 5338 finem
1344 5284 1478 5356 vergenti,
1496 5285 1597 5342 Latinis
1615 5288 1710 5344 litteris
1727 5287 1867 5357 inscriptus
1888 5294 1971 5342 semto

359 5390 486 5444 v-Vttl
505 5399 566 5458 posi
583 5389 617 5446 V.
638 5388 669 5444 C.
690 5405 722 5444 es
739 5387 840 5442 tribuit.
1200 5385 1307 5438 mussdo
1327 5381 1428 5439 tribuli·

1199 4706 1344 4762 illustrsvit
1361 4713 1473 4761 Loesius
1490 4709 1519 4762 iu
1537 4711 1630 4776 Suggio
1648 4715 1700 4760 cet.
1721 4708 1768 4770 ll,
1794 4723 1822 4773 p.
1840 4705 1892 4759 657
1913 4724 1972 4776 sqq.
2090 4729 2103 4750 s
