4906 6300
716 627 776 694 DE
801 625 943 696 SlGNlS
966 625 1288 696 NUNERALIBUS
1311 625 1588 700 PHOENlCUM.

462 812 538 882 Alia
559 813 666 903 figura
686 817 798 883 iucem
818 817 987 883 denarius
1009 837 1175 884 numerum
1198 819 1443 906 designantem
1465 816 1545 882 baec
1568 813 1773 883 semilunsris

999 977 1064 1068 ’Λ
1120 999 1173 1084 ‘r
1234 991 1295 1090 Ἴ

332 1188 419 1256 Nam
438 1213 569 1278 proec,
591 1191 834 1280 quotlinnumo
848 1190 933 1258 Aeas
945 1189 1007 1258 litt.
1023 1191 1186 1280 Glegitur
1210 1221 1269 1246 —
1293 1193 1359 1273 0,
1381 1195 1415 1256 in
1431 1191 1596 1258 simillimo
1618 1192 1680 1258 litt.
1698 1192 1731 1256 Η
1747 1205 1797 1258 est
1825 1193 1870 1254 Λ
1903 1189 1942 1269 0

333 1305 482 1392 idemque
510 1308 639 1392 signum
668 1309 804 1370 recurrit
831 1309 865 1370 in
895 1307 1000 1370 nuruis
1029 1305 1383 1393 phoenicio-persicis,
1413 1303 1561 1370 Micnnet
1589 1303 1631 1391 pl.
1654 1309 1713 1385 29,
1745 1329 1795 1371 no.
1831 1313 1962 1386 9-11,

334 1421 419 1483 inter
439 1423 567 1505 os'gs'ats'
587 1433 618 1482 et
639 1417 810 1498 ssoacdes,
835 1431 920 1484 certe
942 1433 1016 1483 ante
1039 1419 1209 1483 monades:

927 1557 971 1606 Λ
1002 1549 1036 1620 0
1236 1557 1279 1602 Λ
1323 1553 1354 1620 0

936 1651 990 1721 m
1231 1649 1285 1710 ΙΙΙ
1306 1651 1339 1713 ΙΙ

334 1775 373 1842 lu
397 1772 586 1842 Cossusaeis
607 1777 692 1842 illem
714 1779 861 1864 siguum,
884 1797 1065 1864 quenquam
1087 1775 1196 1864 paullo
1217 1776 1395 1857 inflexum,
1419 1776 1569 1862 frequens
1592 1790 1641 1841 est
1662 1789 1733 1862 post
1755 1773 1853 1856 alind,
1875 1781 1960 1864 quod

332 1895 462 1976 osssgs'sls'
479 1887 664 1978 significare
687 1911 815 1969 censeo,
838 1890 923 1954 idem
946 1891 1084 1977 deniqne
1099 1894 1133 1954 in
1148 1891 1383 1978 subscriptione
1404 1887 1488 1954 tituli
1502 1887 1665 1954 Numidici
1681 1891 1774 1975 primi
1789 1905 1959 1976 comparet.
2023 1911 2029 1920 ·

460 2006 493 2068 3.
535 1997 698 2068 Numerus
713 2009 902 2070 vicenarius
915 2025 1067 2090 persaepe
1081 2003 1145 2068 bac
1158 2002 1262 2092 figura
1277 2001 1308 2068 N
1322 2006 1502 2082 indicatur,
1526 2025 1607 2088 quse
1623 2003 1691 2082 bis,
1714 2016 1782 2082 ter,
1807 2015 1960 2088 quaterve

332 2115 437 2200 repeti
459 2128 584 2200 potest,
607 2116 636 2178 si
656 2113 738 2192 XL,
760 2114 844 2194 LX,
866 2115 1006 2182 LXXX
1028 2117 1272 2203 exprimendum
1293 2131 1362 2197 est,
1384 2118 1493 2184 addito
1516 2116 1666 2196 denario,
1695 2115 1751 2181 ubi
1774 2115 1897 2194 XXX,
1919 2117 1959 2196 L,

333 2224 398 2291 XC
420 2226 561 2292 scribere
581 2225 711 2308 volunt,
735 2226 835 2292 veluti

778 2337 843 2405 NN
864 2371 909 2403 -.=
930 2341 996 2408 XL

779 2491 817 2504 -
830 2451 894 2518 NN
916 2483 961 2514 =
984 2454 1012 2519 L

775 2563 954 2631 -NNNN
976 2597 1021 2626 =
1045 2565 1110 2634 XC

331 2677 407 2742 lloc
433 2679 602 2765 pertritum
633 2685 687 2763 (v.
718 2677 876 2746 Swiutcn.
906 2677 1066 2746 Micnnet.
1093 2679 1128 2747 ll.
1159 2683 1242 2766 cc.):
1277 2681 1335 2748 sed
1369 2683 1492 2746 rariora
1530 2678 1673 2743 eiusdem
1712 2673 1961 2761 significationis

334 2793 525 2878 signarunt

463 2961 494 3044 a)
531 2937 577 3040 Vl
608 2965 630 3028 i.
653 2983 680 3027 e.
702 2960 734 3028 N
755 2963 941 3043 inversum,
964 2983 996 3028 v.
1018 2985 1105 3032 nuru.
1128 2960 1370 3029 Marathensem

460 3129 495 3218 b)
517 3129 569 3212 H,
592 3131 676 3218 qnod
698 3129 800 3196 semel
820 3135 961 3220 positum
982 3149 1087 3201 exstat
1106 3137 1140 3201 in
1163 3156 1260 3200 nomo
1281 3135 1404 3198 incerto
1426 3129 1618 3198 Phoeniciae
1637 3129 1701 3196 litt.
1718 3127 1768 3212 D,
1793 3127 1854 3194 bac
1875 3131 1959 3194 serie

334 3240 568 3323 llll-HNN,
590 3245 785 3332 geminatum
809 3248 843 3313 in
863 3243 955 3312 Coss.
978 3247 1016 3312 Ε.
1037 3247 1075 3313 F.
1098 3247 1142 3313 Η.
1159 3246 1186 3314 l.
1204 3246 1259 3327 K,
1281 3261 1331 3312 ter
1350 3247 1548 3333 geminatum
1568 3247 1603 3310 in
1625 3257 1755 3309 moneta
1773 3239 1961 3328 phoenicio·

334 3360 460 3446 persica
474 3379 525 3443 ap.
541 3355 689 3422 Micnnet
710 3355 753 3444 pl.
768 3355 874 3423 XXX
887 3359 964 3443 (bis)
989 3382 1040 3424 no.
1063 3367 1114 3426 12.
1159 3357 1334 3426 Numerele
1355 3361 1389 3424 id
1411 3380 1505 3438 esse,
1529 3380 1571 3424 ex
1592 3357 1644 3424 his
1667 3355 1816 3422 omnibus
1838 3369 1960 3420 certum

332 3483 401 3535 est:
424 3469 519 3556 idque
541 3476 669 3557 os'gs'ols'
689 3483 800 3534 notare
824 3493 866 3536 ex
885 3469 1068 3536 Cossoroeo
1091 3469 1185 3537 valde
1207 3469 1375 3558 probabile
1396 3469 1452 3551 fit,
1473 3473 1507 3535 in
1523 3493 1586 3558 qno
1601 3470 1762 3556 praecedit
1778 3469 1958 3534 denarium.

334 3583 390 3646 Ex
406 3603 445 3645 eo
460 3601 573 3661 numo,
598 3603 691 3668 quem
714 3583 816 3668 primo
835 3579 908 3648 loco
928 3587 1111 3670 posuimus,
1132 3585 1189 3649 ubi
1203 3587 1242 3649 H
1255 3586 1384 3671 ponitur
1397 3586 1480 3647 inter
1501 3581 1533 3646 N
1547 3613 1592 3642 =
1608 3581 1680 3647 XX
1701 3597 1733 3646 et
1758 3621 1794 3632 -
1819 3586 1841 3647 i.
1860 3603 1888 3645 e.
1910 3581 1959 3662 X,

334 3692 467 3780 colligat
492 3697 668 3782 quispiam,
704 3693 766 3760 bac
794 3693 899 3784 figura
930 3696 1093 3784 designari
1123 3717 1308 3777 numerum,
1339 3697 1393 3782 qui
1420 3696 1546 3760 medius
1574 3697 1617 3760 sit
1646 3696 1729 3758 inter
1760 3693 1832 3759 XX
1863 3707 1895 3756 et
1924 3693 1960 3758 X

331 3812 357 3873 i.
380 3829 407 3873 e.
428 3805 510 3883 XV3
542 3808 599 3872 sed
628 3808 717 3894 quis,
745 3829 883 3894 quaeso,
913 3809 976 3876 sibi
1004 3811 1209 3896 persuadeat,
1238 3806 1436 3887 Phoenices,
1471 3810 1525 3893 qni
1553 3827 1595 3872 ne
1623 3807 1802 3893 quinarium
1830 3805 1958 3890 quidem

333 3939 502 3988 nnmerum
522 3918 677 4006 peculiari
698 3933 775 3986 note
796 3921 1019 4008 designabant,
1042 3923 1109 3989 XV
1131 3921 1285 4011 peculiari
1305 3923 1399 4009 signo
1421 3918 1609 4005 scripsissel
1638 3915 1712 3983 Nou
1734 3929 1839 4017 potest
1860 3919 1959 4004 igitur

333 4055 400 4100 non
422 4031 456 4098 Η
475 4031 521 4097 ibi
542 4033 627 4097 idem
650 4029 758 4096 valere
788 4035 871 4118 quod
900 4033 951 4115 N,
986 4039 1015 4102 si
1044 4038 1139 4104 modo
1168 4039 1248 4104 satis
1277 4048 1364 4101 certa
1394 4045 1444 4099 est
1470 4031 1527 4097 illn
1549 4029 1735 4098 delineatio.
1777 4028 1852 4095 lure
1874 4032 1959 4094 enim

335 4148 482 4224 mireris,
504 4147 638 4210 eandem
659 4145 771 4209 cifram
792 4146 843 4212 bis
864 4145 895 4212 N
917 4152 1068 4236 scriptam
1090 4127 1179 4230 esse,
1202 4147 1304 4216 semel
1321 4146 1365 4212 H.

463 4317 493 4400 c)
537 4301 579 4391 Π
627 4327 661 4380 et
711 4283 801 4388 Λι
835 4315 916 4383 illud
943 4334 1046 4386 ortum
1070 4341 1111 4384 ex
1133 4317 1186 4398 H,
1215 4319 1278 4384 hoc
1299 4338 1341 4382 ex
1362 4308 1406 4383 N.
1447 4311 1533 4378 Vide
1555 4309 1686 4378 Cossur.
1709 4309 1749 4378 G.
1771 4314 1820 4395 L,
1852 4313 1959 4400 ibique

337 4489 586 4553 commentarios
609 4502 746 4556 nostros.

462 4624 494 4682 4.
538 4614 717 4684 Numerum
736 4625 958 4686 mesariam
976 4617 1138 4684 interdum
1152 4619 1225 4703 ipso
1238 4618 1368 4682 nomine
1381 4631 1454 4686 nna
1471 4611 1625 4702 (ceston)
1642 4613 1837 4698 exprimunt,
1862 4613 1959 4676 etiem

335 4729 393 4794 nbi
412 4726 527 4815 reliqui
545 4734 671 4798 numeri
691 4733 780 4798 oilris
801 4733 948 4818 expressi
963 4743 1038 4794 sunt
1059 4731 1110 4812 (v.
1125 4727 1265 4798 Meroth.
1286 4727 1335 4808 A,
1356 4743 1391 4822 et
1413 4729 1453 4795 cl.
1478 4726 1603 4793 litteras
1625 4741 1647 4790 ts
1671 4738 1703 4788 et
1725 4740 1771 4790 teu
1794 4725 1828 4787 in
1851 4728 1959 4790 nuruis

335 4840 668 4928 phoenicio-persicis
696 4843 845 4910 Mionuet
872 4841 1016 4917 XXIX,
1045 4862 1099 4907 no.
1130 4846 1160 4908 5.
1184 4848 1259 4926 12).
1302 4841 1367 4908 Sed
1395 4840 1572 4930 peculiaria
1601 4835 1695 4901 buius
1718 4839 1844 4901 numeri
1866 4837 1960 4925 signa

334 4969 428 5022 sunt:

770 5043 842 5268 sl
911 5043 1135 5276 orn
1208 5042 1279 5266 ll
1341 5039 1515 5266 rio

335 5349 383 5436 (v.
397 5353 497 5434 prs'ss.
514 5347 582 5416 sid.
598 5349 645 5426 Υς
669 5349 858 5428 secundans,
883 5349 966 5435 quod
990 5349 1279 5438 frequentissimum
1303 5359 1363 5426 est,
1384 5342 1532 5412 Micnnet
1556 5342 1599 5432 pl.
1620 5341 1735 5425 XXV,
1757 5349 1811 5412 70.
1834 5347 1885 5410 73.
1908 5347 1959 5408 ⁷4.
