4902 6306
595 599 655 666 DE
678 597 885 666 LITTERIS
907 595 1166 666 PHOBNlGllS.
1209 603 1239 680 9.
1261 605 1312 664 28.
1350 601 1438 668 PHE
1461 601 1669 670 attinnt.
1889 607 1937 686 41

316 811 419 858 numo
442 785 621 854 Sabrathae
641 785 673 852 Α
695 800 745 854 est
765 789 874 867 narb,
906 789 940 850 in
962 783 1027 851 alio
1050 783 1197 872 exemplo
1217 784 1279 852 litt.
1294 787 1322 850 E
1338 787 1488 854 scribitur
1502 808 1548 858 nn
1563 793 1630 869 ab,
1653 791 1800 880 idemque
1815 796 1942 882 siguum

315 905 509 970 recurritis
534 923 632 964 numo
654 899 714 964 litt.
737 898 785 979 B,
814 899 870 966 ubi
892 901 1003 964 itidem
1026 900 1099 964 Aa
1120 921 1191 964 esse
1213 914 1327 987 potest.
1370 899 1456 965 Vide
1477 901 1534 968 lib.
1556 903 1606 968 lV
1629 927 1681 970 no.
1699 911 1752 970 23.

492 1035 646 1122 „Figura
667 1033 761 1120 plena
784 1049 817 1099 et
833 1035 970 1100 rotunda
991 1057 1042 1098 no.
1058 1041 1087 1098 1.
1108 1048 1235 1100 servata
1258 1052 1307 1099 est
1328 1058 1348 1098 a
1370 1034 1502 1102 Graecis
1520 1041 1553 1102 in
1569 1037 1767 1126 vulgaritati
1788 1045 1943 1131 Ομικροῦ

404 1150 546 1230 „torma
588 1146 684 1234 Apud
697 1149 828 1214 eosdem
840 1159 873 1210 et
890 1147 1044 1212 Etruscos
1061 1147 1211 1233 frequens
1229 1161 1278 1213 est
1292 1147 1397 1236 figura
1417 1153 1503 1216 intus
1522 1167 1640 1238 puncto
1663 1157 1788 1218 mnnita
1810 1171 1875 1236 (no.
1893 1163 1941 1237 3),

403 1265 471 1344 „in
505 1263 547 1325 iis
582 1275 667 1326 certe
704 1263 940 1340 monumentis,
982 1259 1039 1325 ubi
1080 1260 1184 1326 Tleto
1219 1264 1337 1346 pictum
1366 1277 1416 1326 est
1453 1243 1509 1356 ᾧ
1541 1267 1657 1348 (att.
1680 1237 1858 1348 §.47,¹sub
1882 1271 1940 1352 O).

490 1373 662 1462 „Figurae
685 1372 949 1462 quadrangularis
971 1376 1054 1459 apud
1077 1373 1237 1453 Graecos,
1260 1374 1413 1443 Etruscos
1435 1390 1468 1439 et
1492 1391 1614 1442 veteres
1629 1377 1817 1458 Hebraeos,
1839 1401 1942 1467 neque

405 1511 500 1569 „non
529 1485 736 1573 triangularis
765 1488 849 1572 apntl
878 1488 1026 1566 eosdem,
1063 1487 1146 1572 apud
1170 1485 1390 1552 Samaritanus
1414 1503 1509 1575 atque
1530 1487 1707 1575 Aethiopes
1728 1494 1830 1576 prima
1850 1494 1942 1556 initia

274 1611 285 1634 ·
402 1603 537 1682 „insunt
551 1603 584 1664 in
599 1598 677 1666 orbe
692 1598 749 1664 illo
764 1603 868 1664 minus
881 1598 1034 1686 regulari,
1051 1621 1144 1686 quem
1161 1597 1317 1664 exhibent
1329 1602 1427 1667 inser.
1441 1599 1557 1666 Athen.
1572 1609 1603 1682 1,
1621 1599 1830 1687 oporteant,
1846 1603 1940 1670 aliae.

490 1712 588 1794 „Ain
609 1733 747 1798 superne
769 1725 932 1797 apertum,
965 1727 1000 1778 ut
1022 1731 1073 1778 no.
1092 1718 1133 1792 7,
1161 1725 1213 1776 est
1232 1714 1383 1802 etiam'in
1405 1716 1564 1799 scriptura
1584 1736 1733 1780 aramaeu
1746 1720 1942 1802 aegyptiaca,

403 1827 528 1913 „ithuo
551 1850 571 1891 a
593 1829 709 1891 dextra
730 1839 817 1912 parto
841 1825 943 1888 cauda
964 1828 1266 1892 maioremnnitom
1288 1827 1400 1910 (cuius
1422 1825 1629 1892 initiababes
1650 1829 1683 1892 in
1700 1825 1756 1914 fig.
1771 1826 1884 1912 phueu.
1898 1829 1940 1917 9)

403 1941 469 2020 „in
486 1938 684 2024 Palmyrenis
700 1923 945 2004 oxoniensibus
965 1935 1203 2002 acWootliaois
1221 1953 1253 2004 et
1267 1941 1300 2004 iu
1315 1939 1479 2024 quadrata.
1521 1938 1558 2004 lu
1575 1938 1773 2022 Palmyrenis
1788 1938 1942 2008 Romanis

403 2065 543 2131 „autent
558 2052 659 2131 vides,
677 2053 836 2138 quomodo
852 2065 922 2121 orta
937 2052 981 2116 sit
994 2048 1101 2136 figura
1115 2052 1147 2114 in
1167 2049 1402 2116 recentioribus
1418 2049 1605 2117 litteratoris
1617 2054 1775 2118 anomoeis
1791 2056 1941 2118 usitatu“

1042 2271 1186 2350 ΙΗΒ.

917 2401 1034 2472 Pte
1086 2403 1339 2470 littero.

372 2545 380 2576 ’
445 2559 526 2624 Sero
548 2557 646 2622 lrnina
667 2555 795 2624 litterae
815 2555 921 2645 figora
935 2556 1087 2642 indagata
1102 2568 1162 2620 est.
1204 2553 1241 2619 lu
1255 2553 1473 2639 Bartbelemyl
1491 2571 1523 2620 et
1539 2555 1689 2622 Datensli
1705 2555 1889 2643 alphabetis
1904 2577 1943 2620 ea

316 2669 412 2760 plane
434 2673 540 2737 deest:
569 2669 716 2754 Bayerns
738 2669 818 2734 duas
840 2671 909 2734 eius
935 2667 1033 2733 habet
1052 2665 1191 2754 figuras,
1219 2690 1335 2747 unam,
1365 2687 1447 2754 quae
1469 2665 1559 2754 Caph
1582 2683 1651 2749 est,
1680 2669 1830 2748 alteram,
1860 2691 1942 2756 quae
1980 2665 1983 2674 ’

317 2805 394 2848 vere
417 2783 485 2848 Phe
506 2797 594 2862 erat,
624 2783 680 2848 sed
705 2785 739 2847 in
762 2785 868 2846 numia
896 2779 1082 2860 Gaditanis,
1121 2802 1200 2866 quos
1228 2783 1324 2845 modo
1357 2795 1548 2846 tractaverat
1578 2780 1741 2866 Bayerus,
1771 2782 1858 2848 Beth
1890 2781 1940 2867 (v.

316 2895 376 2962 lib.
385 2895 445 2977 lll,
459 2895 623 2980 no.XV):
638 2897 734 2960 etiam
748 2894 895 2980 Koppius
912 2905 1038 2980 praeter
1053 2891 1229 2979 legitimum
1245 2893 1313 2957 Phe
1329 2897 1363 2957 in
1379 2913 1477 2966 numo
1494 2893 1628 2958 Sidonio
1640 2889 1774 2961 Titan
1792 2897 1842 2980 (in
1860 2897 1940 2986 pte),

316 3009 453 3098 Εςιπαω
473 3009 634 3097 quandam
655 3013 689 3074 in
712 3007 919 3095 alphabetum
941 3029 1035 3071 suurn
1057 3008 1203 3085 admisit,
1233 3027 1313 3090 quae
1337 3003 1418 3070 nihil
1437 3010 1542 3071 minus
1563 3008 1628 3085 bst,
1659 3027 1751 3093 quam
1766 3007 1833 3072 Phe
1856 3007 1940 3094 (Cit.

317 3129 371 3203 10,
395 3123 461 3208 3):.
487 3137 597 3188 contra
615 3124 790 3208 genuinum
811 3135 844 3185 ot
865 3133 987 3185 certum
1009 3118 1077 3184 Phe
1107 3139 1150 3182 ex
1177 3116 1282 3182 Melit.
1307 3125 1345 3196 2,
1367 3109 1387 3182 3
1418 3141 1438 3184 a
1468 3119 1561 3184 nobis
1591 3121 1655 3184 iam
1685 3121 1739 3184 diu
1767 3123 1941 3187 indicatum

316 3233 414 3317 (hist.
435 3233 516 3322 ling.
539 3233 631 3300 hebr.
661 3256 691 3320 p.
715 3235 795 3318 toa)
825 3246 858 3297 et
878 3230 928 3313 ,ab
950 3229 1023 3298 aliia
1046 3233 1124 3295 viris
1148 3227 1250 3297 doctis
1265 3215 1416 3317 'agnitum
1440 3253 1481 3295 ne
1508 3230 1608 3296 verbo
1638 3233 1764 3318 quidem
1787 3236 1941 3299 meminit.

444 3372 557 3455 Nunc,
580 3373 638 3440 ubi
659 3375 741 3440 satis
760 3370 935 3436 multorum
958 3384 1236 3434 monumentorum
1260 3371 1450 3457 copiaiecta
1466 3387 1531 3453 est,
1554 3374 1594 3438 tle
1617 3371 1678 3440 hac
1693 3392 1818 3458 quoqne
1834 3372 1941 3440 littera

314 3485 411 3554 nobis
431 3491 550 3555 certina
570 3501 711 3567 constat,
744 3501 838 3572 atque
861 3483 920 3548 has
941 3485 1011 3548 eins
1033 3480 1155 3568 figures
1177 3487 1372 3570 reperimus:

968 3601 981 3631 1
1080 3599 1095 3631 2
1201 3599 1212 3632 1

233 3929 237 3945 ¹
310 3950 455 4031 prino·
474 3945 506 4009 iu
529 3943 632 4012 Melit.
654 3953 688 4025 2,
710 3949 730 4010 3
754 3945 808 4028 (in
833 3959 923 4027 aaa,
960 3943 1018 4010 nbi
1044 3941 1128 4010 male
1151 3941 1235 4008 hauc
1257 3941 1383 4010 literam
1407 3941 1504 4008 Waw
1526 3961 1597 4008 esse
1619 3937 1801 4026 putarunt).
1845 3938 1938 4006 sard.

314 4055 374 4122 lin.
408 4063 446 4136 8,
481 4080 568 4122 num.
600 4057 667 4123 Sid.
697 4055 738 4122 U.
768 4055 810 4122 V.
839 4056 891 4136 X,
931 4057 1104 4122 secundom
1138 4059 1173 4122 in
1203 4061 1300 4122 inser.
1331 4055 1441 4124 Carth.
1470 4061 1500 4134 3,
1527 4065 1549 4120 4
1576 4056 1627 4140 (in
1648 4059 1750 4137 ano).
1796 4051 1939 4118 olima

316 4170 372 4254 (io
397 4171 502 4255 uem).
546 4168 651 4258 Tugg.
674 4168 731 4237 lin.
753 4177 781 4236 1.
805 4176 824 4236 3
846 4170 1011 4254 (mune),
1040 4169 1135 4235 liu.7
1158 4173 1212 4255 (in
1230 4167 1321 4254 ban).
1344 4168 1475 4235 Numici.
1495 4174 1526 4248 5,
1549 4174 1569 4232 2
1598 4169 1650 4251 (in
1671 4169 1769 4249 aaa),
1807 4172 1940 4231 tertiora

315 4285 351 4348 in
382 4305 478 4348 numo
508 4281 576 4348 Sit.
606 4281 645 4347 Τ.
676 4279 731 4349 W.

442 4421 487 4488 ht
514 4426 623 4488 nativa
650 4437 682 4488 et
710 4425 859 4509 primaria
888 4421 1013 4502 forma,
1053 4443 1148 4510 quam
1170 4443 1249 4487 vern
1280 4427 1313 4488 in
1343 4423 1557 4490 monumentis
1587 4417 1683 4485 hodie
1712 4397 1936 4506 superstitibus

314 4535 436 4602 frustra
456 4558 610 4623 quaeras,
641 4539 750 4604 nescio
772 4557 812 4598 an
835 4535 932 4600 luerit

315 4859 352 4958 'ut
378 4895 411 4956 iu
442 4897 600 4982 scriptura
629 4895 827 4964 Graecorum
852 4895 1060 4983 retrograda,
1097 4900 1183 4986 apud
1213 4899 1366 4968 Etruscos
1396 4907 1427 4958 et
1451 4907 1574 4959 veteres
1595 4888 1781 4969 Hebraeos,
1811 4910 1938 4978 exque

316 5003 445 5072 demum
468 5021 538 5074 orta
560 5025 609 5076 est
631 5011 736 5077 forma
757 5009 899 5102 uulgaria
920 5025 953 5076 et
972 5011 1117 5076 rotunda.

444 5143 596 5210 Ceterum
624 5148 707 5233 qnod
731 5143 813 5212 Beth
836 5149 869 5212 in
891 5148 1047 5233 scriptura
1068 5145 1246 5232 Hispanico
1266 5157 1300 5209 et
1321 5139 1493 5208 Numidica
1515 5142 1649 5205 eandem
1669 5137 1806 5229 figorem
1828 5137 1937 5217 habet,

315 5267 412 5342 atque
429 5256 501 5324 Ple
524 5281 577 5326 no.
592 5265 631 5340 3,
653 5260 687 5326 id
712 5282 806 5326 nemo
826 5262 979 5340 miretur,
1007 5279 1111 5346 neque
1131 5258 1193 5324 boc
1216 5261 1261 5322 ita
1283 5253 1509 5341 explicandum
1530 5268 1595 5333 est,
1618 5258 1710 5341 qnasi
1724 5251 1830 5340 aliqua
1844 5252 1941 5318 inerit

315 5365 433 5434 harum
459 5369 627 5440 labialium
651 5375 687 5440 iu
713 5373 827 5461 figura
858 5376 1017 5461 coguatio.
1069 5371 1155 5439 Natu
1177 5371 1274 5438 huius
1304 5368 1451 5457 figurae,
1491 5389 1572 5456 quae
1596 5389 1680 5434 nnnc
1702 5368 1813 5432 eodem
1836 5379 1885 5430 est
1905 5371 1938 5430 ia

1558 5492 1578 5552 6
