5004 6306
507 637 584 714 234
625 633 760 702 LIBER
773 629 1020 702 SECUNDUS.
1048 626 1389 698 tusculautouas
1406 625 1690 696 PHOENlClAE.
1719 625 1864 694 CAPUT
1879 625 2115 698 ocultum.

508 848 592 892 reru.
621 831 660 905 2,
705 825 788 911 qood
828 822 912 908 apud
948 818 1153 886 llocltettium
1196 820 1306 885 Gimel
1336 819 1440 883 videri
1475 820 1603 904 poscit,
1645 820 1691 882 ita
1729 831 1815 882 certe
1851 815 1968 884 lectum
2007 834 2056 885 cst
2091 819 2132 886 ab

509 938 706 1004 llamalrerc.

634 1049 670 1114 lu
694 1047 866 1135 alphabeto
888 1060 993 1110 autcnr
1016 1045 1182 1112 condendo
1205 1047 1319 1131 partim
1341 1042 1447 1130 lapide
1467 1041 1786 1130 Carpentoractensi,
1817 1047 1931 1130 partim
1946 1041 2135 1132 fragmentis

512 1161 728 1228 Blacaeuiania
755 1164 802 1248 ita
831 1162 1038 1240 adiuvamur,
1080 1175 1114 1224 ut
1141 1181 1205 1224 non
1236 1179 1353 1245 magna
1383 1161 1416 1222 in
1447 1156 1509 1221 lrao
1536 1179 1570 1220 re
1600 1158 1677 1222 inuit
1706 1153 1886 1250 dubitatio,
1918 1172 1951 1222 et
1978 1181 1999 1223 a
2026 1157 2136 1224 Baerii

511 1274 683 1360 alphabeto
705 1272 846 1361 (tab.1)
871 1276 905 1338 in
927 1295 991 1336 una
1011 1271 1119 1338 littera
1140 1269 1249 1338 aeret
1271 1272 1508 1335 dissentiamus.
1558 1267 1622 1334 llio
1645 1273 1729 1335 enim
1753 1269 1929 1354 Seyffertlri
1951 1269 2136 1358 apographo

513 1390 609 1452 nixus
643 1388 816 1453 recondam
852 1383 992 1450 litteram
1024 1389 1057 1450 in
1086 1403 1169 1454 aaut:
1200 1382 1297 1449 lin.l
1341 1371 1420 1449 Nure
1449 1403 1521 1448 esce
1552 1395 1712 1462 atatueaa,
1750 1383 1887 1449 lortaaae
1913 1387 2009 1448 etiam
2038 1381 2135 1449 aliam

472 1515 475 1521 '
513 1502 583 1564 eiua
604 1499 741 1586 liguram
764 1503 798 1564 in
821 1500 932 1563 eodem
956 1496 1114 1562 uocabulo
1135 1496 1237 1563 liu.2
1268 1495 1347 1562 Non
1376 1518 1448 1560 esre
1470 1497 1609 1581 putavit,
1646 1495 1760 1582 hicque
1783 1497 1896 1564 formio
1919 1499 2020 1584 (quae
2040 1499 2135 1562 etiam

499 1615 546 1704 'in
580 1615 693 1678 tertiae
723 1611 829 1676 lineae
869 1611 1049 1697 fragmento
1085 1611 1285 1695 comparent)
1322 1607 1396 1674 Nun
1432 1608 1559 1672 litterae
1595 1621 1782 1694 potestatem
1811 1613 1844 1674 in
1877 1608 2048 1696 alphabeto
2077 1631 2136 1675 auo

498 1715 703 1812 ¹atraignavit:
739 1747 834 1812 quum
861 1722 962 1788 altera
989 1721 1046 1786 illa
1074 1721 1181 1786 littera
1209 1722 1379 1787 manifesto
1406 1719 1514 1786 Rerclt
1544 1723 1593 1784 sit.
1643 1721 1822 1787 Hamalreri
1850 1738 2048 1802 commenta,
2083 1725 2136 1808 qui

513 1839 647 1902 eandem
672 1837 812 1901 litteram
834 1835 928 1902 lina
952 1841 1055 1900 voci
1078 1835 1133 1900 He
1155 1833 1247 1913 lacit,
1270 1835 1347 1899 ibid.
1371 1855 1441 1898 too.
1460 1841 1480 1898 2
1502 1831 1657 1912 Sameclt,
1686 1832 1773 1901 lini
1799 1841 1904 1902 voc-3
1926 1833 2057 1922 Atept:
2085 1839 2137 1900 cui

514 1974 537 2018 n
560 1949 658 2020 liu.1
690 1955 801 2015 voc.3
831 1947 931 2014 aemel
961 1961 1010 2016 eat
1038 1946 1156 2032 chl,
1187 1945 1314 2012 litterae
1337 1945 1455 2034 ligatae
1476 1944 1533 2010 lin.
1558 1953 1573 2011 l
1600 1968 1647 2011 vc.
1671 1953 1688 2010 1
1713 1967 1783 2028 aa,
1819 1951 1983 2036 exagitare
2004 1947 2136 2035 longum

514 2078 578 2128 eat:
611 2063 708 2150 idque
737 2085 836 2128 unum
866 2083 1051 2140 monemur,
1079 2059 1203 2125 litteras
1225 2060 1281 2126 lle
1303 2075 1336 2125 et
1357 2057 1442 2140 ch,
1472 2059 1634 2128 Recedet
1656 2060 1783 2128 Doletlt
1805 2064 1839 2126 iu
1864 2061 2135 2148 hcoiragmeuto,

515 2191 549 2240 ut
578 2179 612 2240 in
643 2189 710 2240 toto
741 2175 803 2240 hoc
833 2176 1011 2260 scripturae
1041 2195 1179 2260 genere,
1215 2171 1286 2238 aula
1312 2175 1532 2260 magnitudine
1563 2189 1595 2240 et
1615 2197 1711 2262 saepe
1735 2197 1831 2262 aegre
1853 2176 2005 2248 discerni.
2049 2171 2136 2254 Nun,
2189 2203 2195 2220 ι

516 2302 623 2375 utpote
651 2289 684 2352 in
714 2285 816 2352 ooliua
844 2289 929 2352 tertii
959 2309 1070 2351 vercor
1107 2288 1251 2372 vestigiis
1284 2284 1432 2366 obvium,
1473 2309 1577 2374 neque
1606 2291 1684 2354 antia
1713 2304 1857 2368 certum,
1898 2291 1932 2354 ia
1967 2285 2136 2374 alphabeto

518 2400 601 2486 (tab.
624 2401 664 2486 4)
686 2397 778 2488 plane
801 2402 907 2464 orniei.

644 2531 707 2596 Hir
737 2530 923 2616 praeminuit
949 2530 1109 2615 integrum
1131 2528 1345 2615 fragmentum
1376 2529 1432 2615 (in
1455 2529 1525 2596 eolo
1547 2533 1641 2596 tertio
1663 2527 1820 2597 vocabulo
1837 2529 2012 2616 paullulum
2033 2529 2139 2596 haeri-

517 2643 641 2731 tanteu)
668 2645 714 2710 ita
735 2641 889 2730 leginuat
913 2657 915 2664 ’
1392 2637 1410 2674 ““

931 2797 1001 2866 ..u
1032 2795 1141 2872 uine
1176 2797 1285 2899 qma
1316 2796 1504 2872 nuruum
1537 2800 1641 2876 rana
1674 2775 1728 2877 iu

954 2944 1061 3042 ...pr
1093 2943 1175 3014 arou
1208 2939 1313 3015 *anu
1346 2943 1501 3016 uncum
1529 2943 1618 3020 nnn
1651 2947 1728 3020 aaa

595 3091 720 3182 Deua,
753 3090 903 3164 domine
927 3090 1003 3162 ntt'!
1036 3112 1085 3198 ea
1107 3088 1397 3164 corrculoett'cne
1422 3115 1574 3165 terrum
1602 3103 1713 3166 terrem
1743 3094 1924 3168 meierum
1950 3089 2089 3190 c(ripa)

595 3219 678 3293 etta
699 3245 782 3292 uno
802 3233 877 3312 est,
912 3230 954 3292 et
976 3243 1097 3292 cerac
1123 3219 1299 3293 domiuus
1323 3245 1430 3293 meuc
1455 3233 1515 3296 est
1539 3220 1720 3296 Jetooat·

647 3367 813 3434 Dialectua
835 3391 914 3456 pura
934 3385 1009 3455 puta
1030 3367 1184 3434 chaldaea
1205 3382 1271 3449 ert,
1308 3384 1343 3435 ut
1368 3371 1401 3434 iu
1432 3369 1580 3436 omnibus
1608 3371 1661 3438 his
1683 3375 1897 3437 mouumentir
1919 3370 2139 3458 Aegyptiacia3

520 3483 693 3570 fragmenti
714 3495 825 3547 auctor
847 3503 942 3562 vero,
966 3485 1027 3546 nisi
1051 3484 1159 3548 ornuia
1183 3503 1234 3545 me
1256 3479 1397 3562 fallunt,
1414 3483 1515 3550 dovae
1531 3482 1634 3550 cultor
1651 3487 1672 3548 i.
1687 3507 1715 3550 e.
1731 3486 1891 3566 iudaeus,
1914 3483 1967 3552 lria
1980 3483 2138 3562 versibua,

521 3597 575 3681 qui
597 3617 615 3658 e
636 3592 720 3660 libro
742 3593 890 3681 liturgico
913 3597 1054 3682 decerpti
1076 3617 1148 3660 ease
1171 3597 1335 3675 videntur,
1364 3593 1428 3660 Dei
1450 3596 1605 3662 auxilium
1628 3601 1660 3662 in
1684 3620 1742 3662 aua
1759 3596 1811 3661 vel
1827 3595 1935 3684 populi
1952 3599 2003 3662 aui
2024 3597 2141 3683 (prout

522 3720 606 3795 ’μιν
628 3706 802 3794 intelligia)
828 3705 1009 3772 calamitate
1030 3711 1172 3774 invocat.

647 3837 760 3904 Verba
780 3853 844 3903 tam
866 3835 994 3917 facilia,
1024 3850 1059 3901 ut
1080 3835 1250 3924 pleraque,
1282 3839 1378 3902 modo
1400 3853 1486 3903 reete
1504 3835 1641 3927 legeris,
1673 3843 1920 3920 commentario,
1943 3837 2140 3926 philologiae

520 3967 625 4032 certa,
656 3955 713 4017 vix
737 3953 911 4038 indigeant.

647 4083 723 4146 Lin.
753 4089 782 4146 1.
832 4079 882 4144 De
912 4081 954 4149 ‘au
991 4075 1037 4140 nil
1072 4075 1162 4142 dubii
1190 4091 1250 4142 ert.
1307 4077 1416 4162 qtenta)
1451 4079 1578 4146 domine
1607 4087 1669 4160 nri,
1712 4083 1826 4148 eodem
1861 4085 1958 4149 modo
1987 4086 2140 4171 rcriptum

521 4193 638 4280 legitur
659 4193 742 4258 Dan.
764 4201 796 4270 4,
820 4199 861 4257 16
884 4189 1061 4268 chariton,
1099 4189 1155 4255 ubi
1172 4191 1205 4254 in
1227 4189 1308 4254 Keri
1331 4211 1353 4260 u
1375 4195 1539 4259 emiorum.
1583 4191 1696 4259 Altera
1718 4193 1825 4260 littera
1853 4199 1886 4262 iu
1908 4218 2019 4284 apogr.
2040 4195 2139 4280 Seyff.
2198 4271 2207 4294 ⁸

520 4309 624 4394 poerit
644 4303 720 4371 Nun
743 4306 857 4384 videri,
879 4305 937 4369 aad
951 4302 1051 4380 lma,
1073 4301 1130 4366 ubi
1152 4304 1264 4367 eadem
1287 4325 1351 4370 uox
1372 4307 1538 4391 repetitor,
1553 4320 1721 4408 utrumqne
1735 4308 1955 4397 apographum
1971 4312 2141 4390 contenuit,

522 4435 555 4484 et
575 4419 670 4486 lectio
700 4439 764 4484 aon
787 4417 884 4483 dubia
905 4431 964 4482 eet.
1006 4416 1149 4480 Litterae
1171 4413 1289 4502 ligatae
1311 4422 1435 4504 pontiur
1455 4433 1504 4488 nu
1526 4439 1598 4484 eree
1622 4433 1655 4484 et
1674 4440 1729 4502 ur,
1762 4424 1847 4508 quod
1868 4437 2035 4507 utrumque
2056 4443 2143 4490 nom.

520 4535 651 4600 modum
674 4553 798 4620 quoque
820 4553 951 4596 censum
973 4527 1137 4616 praebeat:
1161 4543 1256 4598 nunu
1283 4531 1430 4598 doniam
1453 4545 1485 4598 et
1499 4549 1582 4602 *aaa
1601 4532 1748 4600 donicae
1762 4555 1860 4601 mear.
1904 4535 1967 4600 Sed
1983 4539 2142 4622 posterior

521 4646 679 4732 praefero,
702 4667 772 4710 curn
795 4647 929 4710 raineria
950 4640 1072 4708 moduli
1094 4643 1136 4707 ait
1156 4645 1314 4729 posterior
1333 4641 1452 4710 littera.

650 4773 850 4842 Difficillime
879 4797 943 4840 vox
973 4786 1023 4839 eat
1050 4775 1161 4853 tertia,
1196 4795 1290 4860 quam
1321 4772 1460 4862 legimus
1483 4792 1642 4846 neutuna.
1693 4775 1873 4842 Secundam
1904 4778 1974 4843 eiua
2001 4756 2143 4847 litteram

526 4887 595 4952 Tou
617 4911 708 4968 aare,
739 4911 804 4954 nou
827 4887 929 4976 Kopl
959 4889 1015 4973 (ut
1037 4885 1166 4952 volebat
1186 4885 1428 4972 Hamalreroa),
1465 4909 1506 4954 ex
1528 4888 1701 4974 Seyffertlri
1724 4887 1910 4977 apographo
1930 4892 2143 4960 certieaimum
2281 4883 2289 4910 ‘

521 5013 586 5066 eat:
624 5002 735 5066 eadem
768 5015 817 5068 art
844 5002 971 5081 littera,
1008 5013 1102 5088 atque
1124 4997 1254 5080 ultima,
1285 5023 1465 5088 quanquam
1494 5001 1602 5088 paullo
1628 5001 1769 5067 breuior.
1821 4999 1967 5067 'l'ertiam
1997 5023 2038 5070 ex
2063 5004 2142 5074 rottr

521 5109 787 5200 palaeographiae
810 5113 929 5204 regulir
951 5115 1097 5180 iudicant
1119 5109 1227 5179 Rered
1249 5133 1321 5179 erae
1344 5105 1450 5196 dic'ar,
1478 5127 1587 5200 utpote
1607 5111 1716 5199 paullo
1733 5112 1934 5200 longiorem,
1957 5130 1988 5181 et
2004 5116 2142 5185 lurtaare
2185 5169 2191 5182 .

518 5226 614 5289 etiam
632 5225 723 5310 Capi
741 5227 830 5312 (licet
843 5226 930 5314 Caph
937 5227 1050 5305 finale
1062 5229 1094 5292 iu
1113 5237 1197 5314 'praa
1212 5225 1341 5313 longiur
1356 5229 1428 5313 riti:
1451 5239 1580 5314 propter
1595 5223 1726 5314 linguae
1741 5231 1885 5294 rationer
1899 5227 2037 5296 forrare
2051 5251 2143 5318 prae·

517 5337 603 5402 ferm
627 5336 759 5402 Dareta.
805 5337 955 5417 Quintam
975 5342 1128 5428 denique,
1152 5363 1193 5405 ex
1209 5337 1277 5406 sola
1295 5339 1398 5427 ligura
1414 5343 1578 5422 iudicem,
1606 5335 1663 5407 He
1678 5361 1750 5408 erae
1766 5361 1919 5425 censear,
1942 5345 1998 5411 aed
2012 5341 2142 5432 linguae
