5044 6298
517 651 595 728 304
668 645 802 714 arana
822 640 1029 712 rasurus,
1071 640 1132 708 oa
1155 639 1297 708 munus
1321 639 1581 709 raomtcus
1623 638 1770 708 error
1795 625 2031 719 aurarum.

516 840 635 906 mentis
660 837 710 900 usi
737 847 814 900 sont
841 832 882 898 ad
908 829 1164 917 persuadendum
1192 829 1270 894 satis
1298 828 1437 894 idoneis.
1480 828 1546 908 Qut
1575 852 1633 918 pro
1659 828 1775 896 Melita
1804 841 1891 894 stsut
1918 842 1951 894 et
1976 844 2029 915 qm
2051 828 2136 894 hane

516 951 654 1019 insulam
676 951 761 1032 (uon
784 942 943 1027 Gaulum)
965 940 1148 1030 significare
1161 953 1291 1026 potant,
1312 963 1486 1026 provocare
1500 946 1624 1028 possint
1639 945 1680 1009 ad
1698 940 1817 1007 cultum
1832 939 1972 1008 Osiridis
1988 939 2067 1028 (litt.
2081 941 2136 1029 A)

517 1069 614 1131 etiam
636 1065 669 1126 in
691 1057 764 1144 aliis
780 1055 999 1122 Melitensium
1021 1056 1127 1120 uumis
1141 1056 1348 1139 conspicuum
1371 1054 1516 1140 (Eclrhel
1533 1063 1561 1135 1,
1582 1061 1656 1121 268.
1677 1055 1826 1120 Miounet
1849 1062 1880 1135 1,
1901 1056 2003 1138 342),
2033 1055 2136 1142 adque

518 1177 582 1244 alia
603 1174 758 1264 quaedam
779 1189 942 1234 sacrorum
961 1165 1231 1254 Aegyptiacorum
1252 1165 1368 1250 inhac
1389 1167 1497 1234 insula
1517 1171 1654 1255 vestigia
1673 1169 1724 1254 (v.
1745 1169 1786 1233 ad
1801 1183 1935 1240 noctu
1955 1166 2137 1253 Mallotis

520 1287 616 1357 Gauli
638 1306 714 1351 vero
737 1285 863 1372 patroui
885 1282 926 1347 ad
949 1294 1108 1346 monetam
1131 1291 1259 1346 nostrae
1279 1279 1417 1346 similem
1439 1282 1636 1367 (quanquam
1659 1302 1723 1346 non
1737 1283 1912 1368 eandem),
1940 1283 2032 1346 ouius
2044 1296 2138 1366 typus

518 1405 572 1470 hic
593 1416 657 1468 ortt

647 1578 755 1664 Caput
776 1572 932 1639 muliebre
953 1591 1054 1658 supra
1076 1571 1229 1638 lunulam.
1269 1570 1297 1656 )(
1333 1571 1437 1638 Miles
1459 1571 1619 1660 medient
1641 1573 1766 1639 deutra
1789 1572 1917 1638 basiant
1936 1579 2138 1662 intorqueas,

518 1699 579 1762 hac
605 1688 779 1780 epigraphe
807 1683 1051 1750 ΓΑΥΛΙΤΩΝ
1081 1683 1265 1748 Miounetl
1293 1707 1326 1770 p.
1349 1691 1429 1751 341:
1468 1689 1561 1773 eiquo
1590 1700 1756 1772 praeterea
1776 1685 1905 1768 lavent,
1941 1708 2023 1776 quae
2044 1707 2141 1771 supra

518 1811 558 1874 de
588 1805 797 1892 congruentia
824 1820 913 1863 voce.
942 1801 1064 1872 Γαῦλος
1092 1811 1124 1861 et
1154 1815 1206 1887 qttt
1237 1798 1322 1862 dicta
1345 1811 1438 1877 suut,
1475 1821 1570 1884 quum
1600 1813 1711 1863 contra
1737 1799 1860 1883 Μελίτη
1889 1801 1994 1885 ipsum
2021 1819 2139 1864 nomen

519 1920 729 1988 Phoenicium
754 1933 826 1979 esse
850 1912 994 1990 rideatur
1015 1912 1067 1995 (p.
1085 1910 1159 1994 92).
1204 1908 1333 1974 Poterat
1351 1912 1447 1974 etiam
1472 1907 1613 1976 Osiridis
1633 1910 1738 1976 cultus
1759 1913 1843 1998 apud
1865 1909 2052 1977 Gaulitauos
2073 1932 2139 1976 nou

519 2037 625 2100 minus
647 2032 773 2116 vigere,
807 2046 901 2112 quam
924 2024 1005 2109 apud
1030 2025 1152 2086 vicinos
1179 2019 1379 2087 Melitenses.
1424 2021 1489 2087 Sed
1518 2037 1554 2087 ut
1576 2043 1687 2087 verum
1709 2025 1831 2104 dicam,
1862 2026 1978 2090 desunt
1999 2026 2140 2088 rationes

519 2165 649 2234 prorsus
665 2153 770 2206 certae
785 2153 816 2202 et
831 2135 1040 2214 indubitatae,
1064 2157 1146 2222 qnae
1159 2134 1220 2199 hos
1234 2157 1348 2200 numos
1357 2133 1462 2200 Gaulo
1477 2136 1651 2215 vindicent,
1674 2149 1706 2200 et
1721 2158 1898 2222 quanquam
1914 2135 2077 2202 credibilis
2091 2149 2141 2201 est

519 2257 600 2322 haec
628 2257 699 2318 eius
726 2254 836 2337 origo,
875 2269 939 2312 nou
968 2262 1073 2312 tamen
1103 2261 1191 2312 certa
1217 2261 1250 2312 et
1278 2245 1455 2332 explorata.
1498 2247 1645 2313 Ceterum
1669 2269 1787 2314 numus
1811 2247 2009 2334 Bodlejauus
2031 2262 2140 2314 nostro

519 2362 578 2435 titt.
597 2367 628 2432 Α
649 2363 782 2444 similis,
803 2363 861 2427 scd
883 2359 1047 2446 bilinguis,
1071 2359 1210 2424 additam
1234 2359 1356 2425 habens
1378 2359 1574 2448 epigraphen
1591 2383 1740 2448 graecam
1756 2361 1946 2446 Βασιλίσσης
1964 2362 2141 2436 willardus

520 2482 706 2568 (Smintou,
740 2479 774 2541 in
804 2473 887 2539 Phil.
915 2471 1147 2536 Transactious
1182 2472 1249 2538 Lx
1277 2495 1307 2558 p.
1338 2473 1398 2558 80)
1433 2475 1481 2538 ita
1514 2488 1682 2560 suspectus
1711 2487 1778 2554 est,
1813 2487 1848 2540 ut
1874 2477 1909 2539 in
1938 2472 1999 2538 hac
2027 2494 2140 2536 caussa

521 2591 628 2659 nullus
649 2593 719 2656 eius
741 2609 819 2654 usus
841 2587 883 2650 sit
904 2587 955 2670 (v.
976 2581 1102 2649 Eclshel
1125 2591 1155 2663 1,
1179 2587 1275 2670 266).

991 2987 1240 3056 CAPUT
1297 2985 1672 3063 QUARTUM.

730 3159 996 3236 ‘NUMl
1055 3155 1348 3234 PUNICI
1405 3159 1873 3239 HISPANICI.

650 3401 784 3468 Moneta
804 3400 838 3462 iu
861 3396 1040 3484 Hispaniae
1053 3393 1206 3460 Baeticae
1228 3393 1363 3462 urbibus
1377 3399 1557 3478 maritimis,
1580 3413 1615 3463 ut
1630 3398 1786 3481 Gadibus,
1805 3399 1968 3480 Abderae,
1984 3397 2141 3477 Malacae,

522 3539 600 3584 cusa
620 3529 653 3580 et
674 3514 793 3578 Punice
814 3513 986 3596 iuscripta,
1015 3511 1189 3574 maximam
1211 3523 1334 3596 partem
1355 3532 1479 3588 aenea,
1507 3509 1608 3577 multo
1631 3514 1759 3580 rudiore
1779 3527 1848 3578 arte
1862 3513 1948 3578 tacta
1964 3524 2025 3592 est,
2047 3533 2140 3599 quam

522 3627 634 3699 Siculo
648 3663 663 3677 ·
678 3625 819 3704 Punica,
863 3634 895 3686 et
931 3621 1048 3686 litteris
1085 3625 1256 3708 inscripta,
1292 3645 1373 3710 qnae
1409 3622 1579 3712 pleraeque
1613 3625 1799 3690 inferiorem
1834 3637 1971 3692 aetatem
2004 3625 2142 3710 produnt

523 3758 555 3810 et
585 3745 620 3806 in
656 3737 766 3804 multis
801 3737 843 3800 ad
869 3738 1045 3820 scripturae
1074 3731 1265 3798 Numidicae
1298 3734 1540 3800 similitudinem
1569 3737 1741 3804 accedunt:
1776 3737 1810 3801 id
1839 3739 1922 3823 quod
1952 3735 2142 3804 confirmant

524 3858 621 3920 etiam
658 3848 805 3918 nonnulli
822 3885 825 3891 ι
844 3847 1023 3934 bilingues,
1060 3849 1115 3934 qni
1154 3845 1280 3912 Tiberii
1317 3849 1491 3936 imaginem
1526 3870 1705 3934 nomenque
1738 3864 1864 3936 gerunt.
1922 3849 2042 3916 Prioris
2071 3853 2141 3913 aevi

526 3963 757 4052 Palaeographi
789 3975 822 4024 et
842 3956 1112 4045 Numismatologi
1141 3958 1312 4046 plerosquo
1340 3958 1435 4024 huius
1466 3963 1594 4046 generis
1625 3983 1739 4026 numos
1769 3959 1915 4027 Gadibus
1945 3961 2139 4028 tribuerunt:

523 4101 543 4144 a
573 4077 688 4164 quibus
717 4073 934 4162 segregandos
963 4091 1034 4136 esse
1056 4070 1275 4136 Abderitanos
1304 4074 1425 4157 primus
1452 4074 1560 4138 docuit
1588 4069 1751 4158 Bayerus,
1786 4072 1948 4140 Sextanos
1978 4089 2011 4139 et
2040 4073 2142 4140 Mala·
2233 4067 2237 4074 ’

525 4211 637 4256 censes
659 4188 780 4252 addidit
800 4185 1038 4270 Lindbergius,
1058 4183 1174 4272 quibus
1191 4206 1275 4248 uuna
1289 4184 1441 4250 accedent
1455 4183 1578 4250 Bolani.
1599 4221 1650 4274 ··.
1669 4185 1721 4251 De
1742 4183 1899 4267 Floreuii,
1923 4185 2142 4276 Velasqueuii,

525 4302 647 4368 Sestini
672 4297 782 4376 libris,
813 4302 868 4384 qui
898 4318 963 4361 nna
990 4317 1062 4360 cum
1091 4279 1222 4384 reliquis
1245 4300 1445 4364 numismatis
1467 4297 1653 4386 Hispanicis
1674 4303 1772 4366 etiam
1793 4299 1989 4386 Hispanicas
2007 4300 2142 4364 Punicas

527 4413 745 4489 illustrarunt,
778 4430 810 4472 ι.
833 4429 906 4496 pag.
931 4415 962 4474 6.
985 4413 1016 4476 7.

653 4779 704 4846 De
742 4790 903 4875 veterum
921 4773 1076 4882 Gadium
1095 4777 1188 4873 Qu
1204 4793 1410 4881 ..¹¹JFJPPlPffl’
1470 4783 1568 4845 ivitiis
1600 4793 1633 4844 et
1660 4777 1825 4866 opulentia
1859 4797 1890 4842 r.
1920 4797 1996 4863 prae
2026 4778 2141 4842 ceteris

527 4893 717 4960 Strabonem
739 4888 786 4954 ΠΙ
806 4913 837 4976 p.
860 4895 921 4953 168
944 4885 1080 4952 Cassub.
1102 4910 1172 4976 sqq.
1197 4903 1230 4953 et
1252 4870 1449 4977 quab'⁴ddolb
1512 4895 1634 4980 ngessit
1654 4889 1853 4966 Bochartus,
1882 4910 1993 4975 geogr.
2018 4910 2099 4954 sacr.
2127 4885 2142 4952 l

528 5029 556 5072 c.
579 5012 630 5070 34.
674 5001 801 5068 Nomen
822 5004 892 5066 eius
914 4999 997 5088 apud
1021 4997 1198 5068 Phoenices
1220 5021 1252 5067 et
1273 5003 1399 5069 Poenos
1419 5005 1499 5070 fuiss
1569 5005 1692 5092 ἁδειρα,
1725 5001 1833 5068 Godir
1852 5004 1914 5090 (τι
1939 5003 1950 5085 )
1971 5013 2004 5064 et
2016 5009 2141 5087 septuns

526 5114 711 5203 significare
740 5111 921 5200 complures
953 5126 1075 5178 veteres
1097 5116 1287 5195 observant,
1318 5131 1353 5181 ut
1375 5116 1510 5200 Dionys.
1593 5119 1687 5202 legat
1717 5119 1792 5180 466.
1863 5114 1971 5200 espoh.
1994 5114 2141 5200 Γάδειρα,

527 5229 568 5295 τὰ
598 5225 850 5314 περιφράγματα,
888 5228 1037 5303 Φοίνικες.
1071 5227 1201 5293 Sallust.
1220 5229 1346 5316 ,fragm
1377 5231 1460 5315 apud
1489 5229 1588 5296 Prisc.
1644 5271 1655 5308 ‚
1684 5232 1757 5294 648.
1778 5231 1851 5294 698.
1892 5229 2006 5294 Festus
2025 5224 2140 5290 Arion.

529 5344 631 5408 deser.
655 5339 743 5403 orbis
765 5347 839 5407 268.
861 5345 934 5406 616.
970 5338 1052 5404 Plio.
1073 5348 1106 5418 t,
1128 5345 1180 5406 36.
