4902 6306
476 657 511 722 X
703 579 710 592 ·
1079 629 1505 702 PRAEFATIO.

482 838 671 942 impendi,
713 847 756 910 ut
787 829 1057 930 supellectilem
1091 827 1332 912 litterariam,
1379 834 1562 919 quantum
1597 823 1635 894 in
1674 845 1735 894 me
1766 835 1882 909 esset,
1924 843 2099 918 augerem

484 989 523 1050 et
559 967 846 1067 locupletarem,
885 983 959 1057 quo
991 960 1110 1054 magis
1141 953 1415 1050 intelligebam,
1458 951 1694 1050 superiorum
1724 952 2032 1026 observationum
2065 964 2104 1024 et

486 1105 709 1180 tenuitatem
742 1108 781 1170 et
803 1091 1088 1187 ambiguitatem
1111 1085 1313 1183 praecipue
1337 1085 1380 1156 in
1405 1093 1738 1156 monumentorum
1774 1083 1965 1178 paucitate
1992 1083 2103 1155 sitam

489 1237 603 1310 fuisse
629 1232 689 1326 ¹0).
739 1227 872 1322 ltaque
896 1221 1039 1296 iacttrm
1061 1229 1137 1306 est,
1163 1227 1206 1288 ut
1220 1213 1390 1312 expulsis
1410 1225 1449 1286 et
1462 1210 1816 1309 Pseudoplsoeniciis
1833 1187 2115 1288 etaduttertnis'

488 1345 763 1444 monumentis,
799 1354 848 1426 de
873 1351 1008 1449 quibus
1029 1345 1211 1446 peculiari
1233 1345 1355 1442 capite
1381 1365 1490 1438 agere
1514 1342 1657 1440 placuit
1690 1341 1779 1436 (lib.
1803 1341 1853 1430 Π,
1876 1365 1956 1439 cap.
1972 1343 2019 1436 9)
2047 1343 2105 1430 ¹¹),

480 1507 628 1595 septem
653 1500 691 1562 ct
717 1481 964 1584 septuaginta
996 1478 1258 1574 inscriptiones
1290 1497 1381 1548 vere
1412 1470 1630 1546 Phoenicias
1665 1473 1853 1572 lapidibus
1878 1471 2108 1568 gemmisque

490 1623 695 1720 insculptas
710 1617 772 1710 ¹²),
796 1615 838 1686 in
852 1611 910 1684 bis
925 1632 1058 1682 eorem
1071 1605 1261 1702 bustisque
1275 1603 1484 1699 incognitas
1501 1602 1548 1698 13)
1574 1624 1626 1676 ex
1640 1603 1781 1678 Museis
1796 1599 2109 1688 londinensibus,

491 1751 741 1850 Neapolitano
765 1756 804 1817 et
829 1738 1082 1827 Berolinensi,
1106 1747 1145 1810 et
1162 1734 1369 1831 sexaginta
1384 1733 1463 1806 fere
1478 1753 1681 1807 numerum
1697 1732 1919 1830 epigraphes
1932 1732 1973 1802 in
1990 1751 2110 1804 unum

492 1876 863 1980 comportaverimus.
917 1867 1041 1943 Unam
1066 1865 1371 1963 inscriptionem,
1402 1885 1515 1960 quam
1541 1863 1720 1936 Panormi
1751 1885 1867 1961 penes
1902 1860 2109 1957 principem

562 2225 614 2310 10)
628 2228 767 2288 Ectuar.
779 2240 812 2301 p.
822 2219 901 2278 402:
930 2215 1064 2291 „Quum
1080 2233 1151 2294 ergo
1165 2234 1206 2273 ex
1220 2212 1269 2272 his

497 2333 694 2396 manifestum
725 2329 785 2402 sit,
821 2341 929 2404 parum
960 2319 1093 2400 propitia
1122 2317 1270 2378 haetenus

496 2443 641 2502 Minerva
675 2433 750 2493 huic
786 2423 962 2504 disciplinae
995 2423 1095 2484 &tam
1133 2443 1268 2502 operam,

499 2545 604 2626 quaeri
625 2543 693 2600 iure
713 2545 831 2618 potest,
862 2531 940 2590 sitne
962 2527 1064 2608 aliqua
1083 2547 1177 2608 super
1189 2546 1269 2607 spes,

499 2651 569 2712 fora
585 2645 701 2727 utplus
716 2641 796 2700 lueis
809 2635 857 2696 bis
872 2633 1114 2696 Phoeniciomm
1133 2632 1272 2712 reliquiis

500 2747 705 2817 adfundatnri
737 2745 817 2818 sto,
847 2759 1006 2820 superesse
1022 2739 1184 2818 exiguam,
1211 2737 1271 2796 nisi

501 2885 543 2923 ex
560 2875 657 2920 terrae
678 2855 743 2914 siau
757 2842 951 2932 proferuntur
971 2854 1156 2903 monomenta
1172 2841 1272 2920 copio-

501 2971 584 3027 siora
604 2973 635 3023 et
654 2977 731 3040 qnae
755 2955 856 3014 oblato
876 2949 1014 3009 faciliore
1033 2957 1065 3006 et
1082 2945 1214 3006 certiore
1227 2943 1274 3004 sni

502 3069 656 3150 explicatu
682 3061 780 3140 tnagis
807 3075 863 3116 nos
891 3055 982 3114 etiam
1012 3051 1050 3112 da
1077 3051 1198 3132 linguae
1226 3049 1277 3128 [et

503 3167 688 3254 scripturas]
725 3162 909 3224 Phoeniciae
938 3167 1047 3216 natura
1074 3165 1175 3214 cemos
1204 3154 1276 3214 red-

503 3281 585 3340 dant.
598 3278 620 3308 “

500 3459 504 3466 ¹
570 3377 622 3462 11)
650 3369 941 3452 Pseudophoenieiis
963 3366 1055 3425 ctiam
1074 3379 1279 3422 annumeran-

504 3491 558 3550 dae
587 3493 659 3546 sunt
700 3475 731 3559 1)
765 3473 945 3554 inscriptio,
984 3488 1075 3552 qnam
1108 3465 1210 3547 periti.
1244 3459 1280 3522 de

505 3589 652 3653 Hammer
676 3587 709 3646 in
731 3580 873 3662 sepulcro
896 3594 993 3657 prope
1021 3571 1162 3653 Paphum
1182 3569 1279 3650 Cypri

505 3706 658 3780 repertam
679 3687 806 3752 exhibet
823 3686 857 3746 in
882 3677 1129 3770 topographiscde
1144 3673 1280 3738 Ansicls-

504 3821 552 3864 ten
572 3799 624 3862 der
650 3796 781 3856 Leucate
800 3813 833 3872 p.
859 3795 911 3851 90.
958 3785 1195 3864 Qualescunque
1208 3791 1280 3840 sunt

506 3909 574 3968 illae
595 3906 731 3976 litterae,
768 3893 950 3958 Phoenicias
965 3911 1029 3950 non
1044 3909 1108 3949 esse
1122 3887 1276 3968 spondeo:

505 4032 602 4095 prope
624 4017 726 4068 autem
745 4003 896 4064 accedunt
914 3997 954 4057 ad
977 3997 1177 4073 scripturam,
1201 4007 1279 4068 quae

506 4121 539 4180 in
553 4113 656 4176 numia
670 4107 868 4188 Pamphyliae
880 4101 1045 4180 reperitur,
1061 4095 1127 4156 vid.
1145 4093 1235 4154 Cilic.
1248 4091 1280 4150 U

509 4221 589 4302 (tab.
617 4213 693 4295 37).
751 4209 783 4290 2)
816 4209 894 4268 dnae
921 4201 1133 4281 inscriptiones
1164 4196 1201 4255 ab
1231 4195 1276 4254 ill.

434 4341 439 4352 '
507 4323 710 4386 Scbcmcnno
733 4311 810 4394 mihi
831 4312 941 4370 missae
961 4307 998 4366 ab
1019 4303 1120 4384 Angla
1140 4301 1278 4376 homine,

507 4441 544 4492 ut
564 4427 738 4497 ferebatur,
773 4439 814 4478 ex
842 4414 971 4494 imperio
992 4412 1155 4470 Tunetunc
1175 4405 1279 4486 allatae

507 4530 688 4598 monstrosis
702 4527 770 4585 illae
784 4521 891 4603 figuris
902 4515 1044 4578 humanis
1058 4514 1170 4594 partim
1183 4511 1279 4585 alatis,

507 4639 619 4722 partim
638 4633 804 4694 bestiarum
823 4624 920 4704 capita
941 4619 1123 4681 habentibus
1145 4626 1279 4706 ornatae.

509 4746 555 4804 Ut
576 4743 675 4802 dicam
697 4733 780 4816 quod
802 4729 918 4802 sentio,
951 4725 1011 4786 hoc
1036 4732 1281 4796 mouumentum,

510 4846 640 4910 simodo
657 4841 824 4924 genuinum
837 4844 903 4908 est,
927 4832 1067 4892 eiusdem
1081 4829 1205 4910 originis
1217 4848 1282 4888 esse

511 4954 646 5022 ridetur,
671 4957 762 5026 atque
778 4940 854 5002 illud
866 4937 950 5020 quod
964 4956 997 5016 p.
1008 4936 1081 4996 246.
1098 4935 1160 4995 247
1172 4945 1239 4995 not.
1256 4936 1283 4968 *⁸

511 5081 530 5120 a
542 5077 592 5118 me
607 5058 878 5114 commemoratum
898 5042 1158 5104 Montclalconins
1180 5043 1284 5121 Aegy-

511 5175 564 5244 pto
585 5155 781 5220 tribuendum
805 5151 963 5224 censebat,
1001 5157 1033 5208 et
1053 5166 1107 5206 vas
1133 5146 1226 5206 fictile
1251 5147 1285 5204 in

512 5267 611 5330 insula
623 5263 731 5336 Melita
746 5261 828 5320 1767
843 5253 1005 5328 effossum,
1035 5253 1116 5332 qnod
1141 5247 1287 5314 castellus
1319 5221 1323 5234 ι

1339 2204 1370 2287 3)
1402 2205 1533 2266 Gemma
1557 2206 1693 2286 gnostica
1721 2205 1839 2266 Graece
1865 2209 2009 2288 inscripta
2032 2205 2112 2287 apud

1338 2311 1566 2382 Hamakerum,
1604 2310 1735 2370 Miscell.
1761 2311 1824 2370 tab.
1851 2315 1870 2372 4
1897 2332 1949 2372 uo.
1973 2313 2054 2372 lssb
2082 2319 2113 2369 et

1339 2437 1372 2498 p.
1394 2423 1467 2478 103.
1515 2415 1567 2475 Cf.
1585 2435 1642 2474 nos
1659 2435 1691 2495 p.
1710 2417 1771 2477 334
1787 2427 1853 2478 not.
1870 2417 1904 2491 †.

1406 2567 1459 2652 12)
1482 2571 1735 2652 Inscriptionibus
1754 2592 1807 2631 no.
1827 2577 1946 2634 1-70
1961 2571 2114 2634 addendae

1341 2688 1414 2739 sunt
1436 2675 1467 2759 1)
1483 2697 1537 2736 nc.
1548 2677 1655 2749 iobis,
1673 2682 1714 2737 67
1723 2678 1785 2753 bis,
1801 2681 1842 2740 et
1851 2689 1910 2738 ter.
1956 2675 1988 2756 2)
2006 2675 2113 2739 Carth.

1344 2787 1395 2843 11.
1421 2787 1472 2843 12.
1497 2785 1548 2842 13.
1585 2781 1714 2841 Numid.
1741 2785 1777 2856 8,
1815 2782 1853 2842 de
1882 2783 1995 2864 quihus
2017 2783 2116 2863 agitur

1342 2889 1508 2968 appendice
1523 2887 1655 2948 monada
1669 2885 1714 2968 (p.
1723 2887 1786 2950 449
1795 2887 1891 2968 sqq·);
1917 2885 1950 2968 3)
1960 2888 2117 2967 inscriptio

1345 2995 1377 3052 in
1402 2993 1496 3054 latere
1523 2993 1712 3072 Babylonico
1739 3012 1793 3052 nc.
1818 2999 1879 3066 77,
1925 3012 2016 3073 quam
2042 3012 2115 3052 vere

1345 3097 1541 3158 Phoeniciam
1554 3117 1620 3156 esse
1633 3097 1871 3158 monstravimus
1885 3119 1917 3178 p.
1930 3099 2004 3158 461.
2032 3097 2118 3158 Con-

1347 3213 1394 3260 tra
1417 3223 1457 3261 ex
1476 3201 1588 3262 borum
1609 3221 1739 3261 numero
1760 3203 1924 3277 eximenda
1946 3202 2053 3264 Carth.
2080 3210 2118 3262 10

1346 3327 1400 3366 no.
1418 3311 1476 3380 55,
1508 3326 1601 3384 quam
1614 3309 1698 3366 tituli
1713 3309 1885 3386 Tnggensis
1900 3307 2117 3388 apographum,

1346 3410 1438 3492 idque
1457 3412 1587 3492 pessime
1608 3411 1745 3488 factum,
1774 3431 1837 3472 esse
1858 3421 1965 3490 postea
1984 3411 2121 3472 animad-

1347 3517 1495 3576 vertimus
1523 3515 1576 3596 (p.
1605 3515 1701 3594 464).
1741 3549 1780 3560 -
1833 3513 1984 3575 Consulto
2018 3527 2120 3576 autem

1346 3621 1437 3680 omisi
1482 3634 1588 3702 septem
1632 3619 1846 3698 inscriptiones
1888 3619 2068 3680 Melitenses
2102 3644 2120 3680 a

1349 3721 1478 3786 Castello
1499 3722 1535 3781 de
1555 3723 1771 3783 TurrcMuct'c
1793 3743 1825 3802 p.
1844 3725 1917 3785 294.
1936 3731 1996 3787 295
2014 3723 2084 3805 (ed.
2101 3733 2120 3786 2

1346 3851 1379 3910 p.
1396 3835 1471 3890 319.
1489 3825 1565 3906 320)
1588 3825 1754 3901 exhibiee,
1776 3829 1890 3908 quippe
1903 3851 1993 3909 quae,
2017 3831 2121 3890 Phoe-

1347 3935 1446 3993 niciae
1468 3931 1591 4011 quidem
1622 3933 1676 3992 sed
1695 3943 1758 3994 tam
1780 3933 1858 3994 male
1880 3937 1932 3994 vel
1954 3935 2121 4016 insculptae

1348 4036 1464 4096 fuerim
1472 4036 1522 4096 vel
1531 4034 1749 4120 (quodmslim)
1760 4039 1929 4121 descriptae
1939 4044 2010 4116 sint,
2020 4051 2056 4100 ut
2064 4042 2122 4122 legi

1348 4161 1472 4222 prorsus
1495 4143 1708 4223 nonpossint.
1756 4145 1940 4224 Quanquam
1964 4145 2120 4205 fatendum

1350 4257 1414 4320 est,
1445 4248 1536 4306 etiam
1558 4247 1591 4306 in
1617 4258 1722 4308 nostru
1743 4249 1856 4332 sylloge
1873 4249 2034 4308 nonnullas
2057 4269 2123 4308 esse

1351 4349 1435 4432 (cit.
1453 4356 1484 4413 9.
1502 4355 1553 4413 19.
1572 4355 1625 4412 27.
1646 4351 1725 4432 29),
1763 4354 1800 4414 de
1820 4373 1949 4433 quarum
1972 4355 2123 4433 interpre-

1349 4457 1462 4517 tatione
1485 4455 1704 4536 desperandum
1731 4466 1807 4518 erat.

1418 4613 1469 4696 13)
1485 4615 1703 4698 Inscriptiones
1716 4633 1789 4674 vere
1795 4585 1980 4674 Phoeniciac
1992 4615 2123 4674 ineditae

1351 4731 1422 4782 suut
1444 4721 1586 4801 Car-theg.
1611 4727 1661 4780 11.
1690 4725 1741 4778 12.
1770 4724 1808 4778 13
1833 4716 1884 4800 (v.
1910 4719 2043 4800 append.
2067 4718 2120 4800 2).

1351 4828 1480 4888 Numid.
1497 4833 1528 4888 5.
1550 4830 1578 4884 o.
1595 4829 1626 4882 7.
1648 4829 1687 4896 8,
1713 4843 1823 4903 gemm.
1841 4829 1894 4884 67.
1911 4827 1951 4884 67
1966 4821 2030 4896 bis,
2055 4822 2125 4900 qui-

1352 4935 1424 4994 bus'
1436 4929 1552 4992 accedit
1578 4924 1707 5002 decim,
1745 4930 1896 4988 Aramaco
1910 4961 1927 4970 -
1941 4928 2125 5008 Aegyptiae·

1353 5059 1405 5098 no.
1436 5042 1498 5108 72,
1537 5028 1690 5090 undecima
1716 5032 1834 5112 Libyca
1855 5051 1907 5090 no.
1931 5035 1983 5092 85.
2029 5032 2124 5090 Numi

1355 5140 1461 5202 inediti
1473 5147 1545 5199 sunt
1557 5138 1591 5196 in
1603 5145 1726 5196 moneta
1740 5137 1935 5198 Ptolemaidis
1952 5135 2012 5195 litt.
2028 5135 2062 5210 1,
2093 5138 2126 5196 in

1353 5241 1599 5306 Marathensibns
1637 5241 1697 5302 litt.
1731 5241 1775 5301 E.
1802 5241 1830 5302 l.
1859 5241 1889 5300 K
1901 5285 1910 5315 ‚
1952 5243 1984 5299 in
2011 5241 2126 5302 Ciliciis

513 5371 548 5432 de
558 5363 771 5431 TurreMucic
787 5359 914 5422 exhibet
926 5379 958 5438 p.
970 5362 1031 5420 298
1048 5355 1109 5438 (cd.
1121 5363 1140 5418 2
1154 5379 1185 5438 p.
1196 5355 1283 5438 324).
1352 5349 1413 5410 litt.
1430 5348 1473 5408 K.
1491 5348 1538 5410 Μ.
1557 5347 1599 5425 Q
1619 5349 1660 5408 R.
