4906 6300
834 568 1495 691 ennmnummscoumusrr.
1926 638 1973 706 us

351 807 463 891 (sides
485 804 593 892 tuam)
623 807 658 870 in
689 803 763 872 aliis
793 809 864 874 cius
893 808 1038 894 remonis
1067 809 1268 874 numismatis
1296 809 1496 896 frequentata
1526 813 1683 897 suspicari
1706 813 1834 900 quidem
1856 817 1971 898 possis,

349 918 441 986 illust
462 917 549 985 Zeis
572 939 662 998 csse,
698 917 851 1006 illumque
870 942 982 989 rocem
1009 937 1085 990 tntu
1108 921 1199 986 sidus
1219 943 1320 986 mcum
1339 919 1529 1009 legendum:
1559 926 1617 989 sed
1642 926 1676 988 in
1700 945 1788 990 mere
1812 925 1873 990 hoo
1895 947 1972 990 con-

350 1035 473 1098 iectura
495 1035 634 1118 positum
658 1047 760 1111 esset,
787 1035 850 1096 nisi
872 1035 952 1098 satis
966 1105 969 1111 ¹
983 1046 1161 1112 constaret,
1190 1033 1386 1099 Graecorum
1410 1034 1490 1102 Zeta
1519 1057 1539 1102 a
1565 1036 1782 1103 Phoenicibus
1806 1053 1973 1124 acceptum

347 1155 495 1217 eiusdem
530 1150 654 1214 formae
687 1151 759 1250 (ς
793 1147 854 1238 Ζ)
888 1167 979 1216 esse:
1015 1147 1101 1216 unde
1131 1165 1219 1216 recte
1248 1151 1358 1240 colligi
1392 1167 1514 1239 potest,
1551 1158 1649 1220 otium
1679 1159 1763 1242 apud
1793 1155 1972 1222 Phoenices

348 1269 452 1348 hunc,
477 1287 542 1338 nou
568 1271 603 1346 Ι,
634 1269 888 1354 antiquissimam
909 1272 981 1334 sius
1002 1265 1128 1334 litterae
1149 1268 1287 1357 figuram
1309 1271 1422 1338 imese.
1471 1270 1543 1360 (ct.
1573 1273 1613 1338 ad
1638 1277 1667 1352 i.
1691 1280 1731 1338 18
1760 1288 1792 1338 et
1821 1297 1903 1360 quae
1931 1275 1971 1339 de

349 1387 529 1454 litterarum
559 1384 804 1452 Phoeniciu-um
834 1386 979 1465 Datus,
1021 1386 1109 1466 Vno,
1144 1389 1231 1462 Pte
1248 1392 1356 1456 natim
1388 1389 1492 1478 ligura
1521 1392 1604 1476 apud
1635 1391 1775 1457 Graecos
1803 1395 1972 1476 superstite
2023 1407 2026 1412 ’

350 1499 636 1566 animadvertimui
658 1501 699 1564 ad
720 1502 749 1578 t.
771 1505 823 1566 15.
847 1505 896 1568 tt.
920 1499 993 1580 28).
1321 1493 1323 1503 '

475 1633 514 1699 ln
544 1637 648 1700 inscrr
670 1633 810 1719 Erycina
836 1631 941 1722 figura
974 1606 1019 1742 Η
1058 1591 1107 1738 Η
1151 1630 1226 1700 Nun
1256 1649 1322 1715 est,
1358 1637 1442 1722 quod
1472 1637 1589 1703 dudum
1619 1637 1694 1702 vidi.
1750 1639 1813 1704 Sed
1843 1639 1972 1725 egregie

352 1751 432 1819 mihi
454 1751 537 1818 hauc
557 1751 685 1819 litterae
707 1767 897 1841 potestatem
920 1753 1122 1822 confirmavit
1145 1755 1322 1838 scripturae
1345 1753 1499 1820 Etruscae
1522 1767 1554 1820 et
1569 1753 1674 1820 Oscae
1692 1759 1863 1821 auctoritas
1885 1757 1971 1842 (vid.

351 1865 415 1930 tab.
437 1865 497 1951 2),
528 1867 614 1930 unde
636 1866 695 1932 has
716 1867 838 1931 formas
860 1871 955 1932 etiam
978 1866 1111 1932 Graecis
1133 1877 1167 1927 et
1188 1863 1403 1950 Phoenicibus
1425 1863 1501 1932 olim
1525 1883 1617 1932 notas
1638 1867 1738 1933 luisse
1761 1866 1889 1956 colligo.

480 1977 605 2046 Contra
630 1975 829 2044 Boechhinm
860 1981 893 2045 iu
924 1979 1134 2067 sagacissima
1162 1973 1247 2042 tituli
1281 1975 1421 2045 Crissuei
1448 1981 1709 2067 interpretatione
1736 1977 1852 2068 (Corp.
1876 1983 1971 2046 inser.

349 2112 430 2180 ¹1⁸.l.
450 2113 582 2200 pxxl
594 2127 625 2178 ct
638 2117 770 2202 papi)
792 2116 938 2182 videmus
954 2114 1091 2203 liguram
1126 2068 1215 2232 qi
1245 2119 1279 2180 iu
1294 2113 1399 2202 lapide
1414 2116 1464 2181 bis
1479 2116 1607 2186 obviam
1623 2117 1800 2184 restituisse
1815 2121 1847 2182 in
1894 2081 1954 2220 Ἡ

347 2237 370 2300 i.
388 2257 416 2299 e.
435 2233 487 2314 H,
507 2231 592 2320 quod
608 2234 648 2298 ad
665 2247 847 2300 contextum
864 2237 994 2322 egregie
1012 2239 1286 2302 accommodatum
1306 2249 1366 2300 est
1410 2235 1474 2300 Sed
1491 2235 1571 2300 nihil
1588 2248 1741 2302 mutasset
1753 2239 1802 2300 vir
1815 2257 1971 2316 summus,

347 2350 378 2413 si
400 2349 483 2412 scire
505 2349 680 2434 potuisset,
709 2350 804 2412 ctiam
826 2349 908 2432 apud
931 2345 1109 2414 Phoenices
1129 2347 1271 2414 litteram
1294 2346 1378 2412 Chet
1398 2348 1460 2446 (².
1476 2347 1532 2435 Η)
1554 2371 1619 2414 nun
1640 2370 1714 2414 raro
1736 2351 1782 2412 ita
1803 2351 1916 2436 pingi,
1938 2362 1972 2414 ut

348 2459 473 2530 duabus
495 2459 637 2546 partibus
660 2475 805 2524 constare
828 2461 990 2538 videatur,
1020 2481 1050 2525 v.
1073 2464 1100 2542 ς.
1118 2468 1175 2542 18,
1197 2463 1267 2550 Fig.
1285 2468 1312 2527 3.
1325 2470 1357 2526 4.
1371 2467 1403 2528 5.
1520 2455 1528 2468 ’

474 2569 566 2638 illam
591 2575 703 2662 igitur
738 2573 851 2638 harum
885 2570 1063 2638 litterarum
1098 2577 1367 2662 comparationem
1395 2576 1440 2637 ita
1468 2575 1688 2648 instituemus,
1728 2585 1763 2635 ut
1792 2577 1905 2658 partim
1934 2597 1972 2638 ea

352 2689 530 2776 scripturae
557 2706 679 2775 genera
708 2687 777 2750 sive
807 2683 977 2750 orientalia
1004 2699 1079 2750 suut
1111 2689 1180 2752 sire
1203 2683 1431 2765 occidentalia,
1467 2706 1547 2774 quae
1570 2682 1622 2746 vel
1644 2705 1685 2747 ex
1706 2687 1775 2768 ipsa
1797 2685 1971 2752 Phoenicia
2099 2719 2103 2726 -

349 2813 451 2864 matre
472 2812 542 2863 orta
563 2811 638 2862 suut
658 2796 711 2862 vel
733 2811 817 2862 certe
840 2819 904 2862 non
930 2819 1047 2884 magno
1069 2802 1173 2885 spatio
1193 2799 1234 2864 ab
1258 2821 1297 2863 ea
1319 2799 1457 2876 distant,
1487 2794 1605 2864 tabuhs
1627 2811 1903 2880 repraesentemus
1928 2799 1967 2864 ad

350 2909 510 2998 alphabeti
530 2906 698 2974 Phoenicii
719 2911 864 2975 ordinem
887 2909 1048 2996 dispositis
1071 2910 1154 2995 (tab.
1171 2905 1283 2998 2-5)
1304 2907 1518 2996 brevibusque
1540 2911 1777 2973 commentariis
1793 2907 1966 2990 historicis,

348 3023 513 3088 litterariis
534 3035 568 3086 et
588 3021 864 3108 palaeographicis
884 3021 1079 3088 illustremus
1102 3023 1340 3110 (t.45-55):
1368 3025 1486 3110 partim
1508 3019 1705 3109 singularum
1723 3019 1901 3086 litterarum
1924 3045 1966 3088 ex

348 3136 464 3200 litteris
491 3135 675 3200 Phoeniciis
711 3137 868 3222 originem
904 3151 1118 3202 monstremus
1155 3155 1327 3222 earumque
1356 3137 1448 3222 quasi
1475 3148 1643 3200 stemmata
1670 3133 1888 3199 describamus
1924 3157 1966 3200 cx

349 3249 535 3314 Phoeniciis
562 3248 675 3313 formis
705 3261 854 3333 tanquam
876 3251 983 3334 gentis
1004 3247 1187 3314 auctoribus
1207 3248 1316 3313 ducta:
1345 3269 1439 3334 quam
1461 3248 1589 3335 quidem
1610 3249 1817 3332 posteriorem
1832 3245 1967 3331 'palaeo-

348 3360 502 3448 graphiae
533 3372 735 3446 comparatae
766 3373 887 3446 partem
909 3381 974 3424 nou
997 3360 1058 3426 hoc
1079 3364 1182 3447 capite
1204 3373 1299 3446 atque
1321 3379 1465 3426 seorsum
1497 3373 1651 3438 tractare,
1688 3359 1745 3424 sed
1775 3363 1896 3425 nostris
1926 3363 1966 3425 de

348 3471 484 3560 singulis
503 3471 619 3537 litteris
640 3472 817 3556 phoeniciis
838 3476 1076 3538 commentariis
1107 3475 1153 3558 (i.
1176 3474 1331 3558 12-33)
1361 3471 1522 3538 corollarii
1543 3471 1615 3538 loco
1637 3473 1813 3558 adiungere
1835 3471 1965 3558 placuit,

348 3601 386 3650 nt
404 3588 559 3672 integram
581 3583 781 3671 singularum
801 3583 978 3650 litterarum
1004 3585 1169 3650 historiam
1192 3588 1225 3650 in
1250 3599 1424 3670 conspectu
1445 3587 1580 3671 positam
1603 3583 1759 3649 haberent
1780 3583 1926 3649 lectores.

477 3697 507 3764 A
534 3695 632 3763 simili
659 3697 783 3784 Koppii
810 3697 947 3764 consdiu
976 3697 1114 3783 (artua
1134 3695 1203 3762 stud
1224 3695 1397 3776 Schriften
1418 3695 1473 3775 11,
1504 3720 1536 3782 p.
1556 3700 1617 3762 375
1640 3697 1726 3782 sqq.)
1755 3695 1835 3761 haec
1858 3709 1966 3760 nostra

347 3813 431 3876 ratio
453 3809 574 3876 duabus
596 3812 736 3876 maxime
760 3810 855 3875 rebus
876 3809 994 3874 differt.
1033 3807 1102 3875 Nos
1118 3809 1203 3874 enim
1217 3811 1406 3894 scripturam
1425 3807 1625 3896 phoeniciam
1642 3811 1746 3893 potius
1763 3806 1964 3887 illustratori,

348 3946 444 4011 quam
460 3927 642 3990 nniversam
658 3911 937 4010 palaeographiam
967 3925 1146 3988 semiticam
1166 3920 1445 4008 comprehensuri,
1470 3923 1578 3986 omnia
1597 3941 1635 3984 ea
1655 3921 1830 4005 scripturae
1846 3939 1966 4006 genera

347 4037 523 4102 omittenda
545 4037 748 4122 putavimus,
777 4057 858 4120 qnae
881 4038 976 4100 nimis
1000 4031 1098 4122 longo
1120 4033 1290 4100 intervallo
1312 4047 1453 4110 amatre
1475 4046 1596 4098 remota
1613 4046 1708 4112 sunt,
1732 4053 1826 4118 quam
1843 4031 1965 4098 uthuic

346 4145 555 4214 illustrandae
572 4149 728 4212 inservire
742 4149 881 4234 possint:
904 4160 1017 4213 contra
1035 4169 1109 4212 vero
1126 4169 1182 4214 eas
1197 4145 1405 4226 litteraturas,
1428 4167 1507 4232 quas
1522 4145 1823 4224 Phoeniciaefih'as
1838 4164 1965 4232 neptes-

347 4281 409 4348 que
429 4269 510 4326 uoto
533 4267 695 4326 maximus
719 4281 834 4325 vocare
854 4261 977 4347 possis,
1015 4258 1091 4324 licut
1111 4281 1177 4326 non
1200 4257 1405 4339 orientales,
1440 4255 1540 4323 veluti
1561 4256 1716 4323 Graecam
1739 4261 1964 4346 antiquiorem,

348 4373 533 4452 Etruscam,
562 4371 746 4438 Unrbricam
770 4384 831 4438 cet.
859 4395 879 4436 a
902 4372 1030 4459 Koppio
1051 4371 1145 4460 plane
1168 4371 1348 4461 neglectas,
1383 4393 1441 4458 pro
1471 4374 1572 4438 nostri
1601 4370 1726 4437 consilii
1748 4375 1870 4436 ratione
1891 4368 1963 4435 dili·

346 4489 473 4572 gentius
495 4489 708 4552 tractavimus.

1097 4591 1127 4668 i.
1156 4593 1208 4653 45.

576 4711 1035 4790 Littcrotsrorunen
1067 4722 1300 4809 pdcess'cs'o
1333 4731 1522 4786 ortorum
1556 4730 1732 4786 stemma.

433 4875 610 4964 Praecipue
626 4893 735 4959 autern,
747 4857 923 4966 scripturae
936 4897 1056 4963 genera
1069 4897 1111 4940 ex
1126 4889 1226 4940 matre
1249 4875 1422 4941 Phoenicia
1437 4876 1586 4959 deinceps
1601 4885 1756 4958 prognata
1770 4871 1850 4936 haec
1873 4887 1963 4938 sunt:

475 4988 516 5072 A)
539 4995 768 5076 antiquissimu
788 4990 987 5056 Graecorum
1002 4995 1168 5074 smspiurn
1192 4989 1242 5073 (l.
1256 4989 1432 5072 ‹tn—48),
1467 4989 1500 5050 in
1523 5007 1584 5070 qua
1606 4985 1843 5070 antiquissimas
1866 4999 1962 5071 atque

349 5104 472 5166 esdras
493 5101 689 5170 Phoenicum
703 5103 840 5181 ‚litteras
861 5115 1005 5168 servatas
1028 5122 1099 5166 esse
1122 5122 1220 5186 supra
1240 5100 1483 5166 observavimus
1512 5098 1554 5181 (5.
1584 5101 1633 5162 15.
1663 5101 1713 5162 17.
1738 5103 1786 5162 18.
1810 5098 1890 5183 28),
1926 5111 1963 5162 ut

349 5219 419 5278 iore
446 5233 509 5280 suu
535 5214 650 5280 harum
679 5236 824 5281 sororum
855 5229 931 5279 natu
959 5217 1100 5280 maxima
1128 5225 1268 5278 vocetur.
1311 5211 1362 5276 Ex
1385 5231 1424 5274 ea
1447 5211 1596 5296 deinceps
1619 5223 1807 5278 emanarunt
1828 5212 1962 5276 Etrusca

346 5329 439 5413 (cum
463 5325 634 5410 Umbrica,
655 5327 758 5406 Osca,
782 5325 992 5412 celtiberice)
1016 5342 1048 5392 et
1071 5341 1161 5394 vetus
1183 5323 1327 5390 Romana
1350 5325 1396 5408 (ἦ.
1413 5323 1484 5409 49).
1574 5385 1588 5420 e
