4992 6292
494 663 542 740 62
610 655 743 726 LIBER
767 655 943 726 PRlMUS.
988 651 1363 722 ttuaeocaarffla
1384 653 1640 722 rnoamcm.
1684 655 1831 723 CAPUT
1854 655 2078 735 QUINTUM.

978 795 1643 918 ranunculorum

522 987 593 1060 nn
621 951 786 1058 ulnus
811 977 1200 1054 mrrnmrumn
1224 976 1505 1055 caueamus
1537 977 1608 1053 nx
1633 977 1911 1056 rnonmcm
1937 980 2093 1058 narn.

1250 1133 1279 1208 i.
1312 1137 1365 1196 44.

734 1240 1130 1340 ,palaeographicae
1158 1251 1431 1328 conparatae
1459 1247 1576 1306 ratio
1609 1250 1652 1306 et
1678 1241 1869 1309 utilitas.

625 1395 733 1474 Quum
764 1397 797 1460 in
829 1394 892 1460 hoc
917 1392 1002 1462 libro
1030 1394 1131 1461 solius
1160 1394 1356 1462 Phoeniciae
1388 1397 1598 1481 scripturam,
1642 1415 1707 1460 non
1743 1396 1900 1482 integram
1929 1393 2120 1483 populorum

495 1514 719 1584 Semitioorum
749 1505 1030 1594 palaeograpbiam
1059 1507 1220 1574 illustrare
1242 1510 1443 1594 propositum
1467 1510 1526 1574 sit:
1561 1505 1674 1572 inutile
1702 1508 1806 1574 videri
1829 1511 1932 1593 possit
1950 1522 1984 1574 et
2004 1530 2027 1580 a
2046 1529 2122 1576 cou-
2255 1509 2261 1522 '

495 1625 570 1694 ailio
600 1636 709 1690 nostro
736 1619 897 1699 ebenum,
935 1621 976 1686 de
998 1621 1038 1686 iis
1061 1623 1158 1686 etiam
1180 1641 1276 1708 agore
1305 1619 1503 1686 litteraturae
1532 1617 1725 1705 generibus,
1757 1641 1839 1707 qnae
1867 1641 1910 1688 ex
1939 1619 2122 1707 phoenicia,

497 1755 647 1826 tanquam
670 1757 712 1800 ex
735 1733 897 1798 communi
919 1747 1039 1812 matre,
1063 1747 1152 1798 ortae
1175 1745 1259 1798 suut.
1300 1731 1345 1796 At
1365 1735 1445 1798 sads
1467 1745 1588 1798 certum
1610 1733 1753 1811 videtur,
1777 1732 1905 1798 brevem
1925 1747 2011 1800 oerte
2025 1731 2122 1804 buius

495 1857 544 1920 rei
565 1851 788 1918 tractationem
816 1865 880 1910 noo
908 1847 979 1910 sine
1006 1847 1109 1930 ipsinr
1132 1845 1286 1930 propositi
1306 1847 1408 1910 nostri
1429 1846 1624 1910 detrimento
1646 1829 1753 1910 omitti
1773 1847 1931 1930 potuisse,
1960 1866 2057 1930 quum
2077 1837 2121 1912 ex

495 1967 558 2042 boc
570 1967 641 2050 ipro
655 1959 862 2046 comparandi
875 1959 1005 2044 negotio
1020 1978 1085 2024 non
1099 1957 1217 2042 exigua
1231 1958 1387 2044 quaedam
1401 1958 1573 2026 commoda¹
1582 1959 1616 2022 in
1630 1955 1780 2026 subtilius
1793 1954 1970 2024 litterarum
1980 1955 2120 2027 Phaeni-

497 2083 618 2144 oiarum
640 2075 779 2140 studium
802 2070 991 2134 redundent
1036 2066 1313 2145 Quemadmodum
1336 2072 1422 2134 enim
1443 2072 1477 2134 in
1499 2069 1620 2156 linguis
1638 2070 1731 2135 docte
1748 2071 1922 2140 tractandis
1938 2091 2002 2138 non
2015 2069 2121 2142 tulum

497 2191 712 2258 recentiorum
724 2183 909 2270 linguarum
922 2183 1066 2268 origines
1081 2201 1123 2246 ex
1137 2161 1373 2268 antiquioribus
1388 2180 1570 2262 illustrare,
1598 2183 1767 2248 sedetiam
1783 2184 1817 2248 in
1831 2184 1971 2268 antiquis
1991 2179 2122 2269 linguis,
2171 2181 2177 2192 ‘

497 2302 635 2370 aliarum
665 2296 839 2374 matribus,
874 2293 1073 2360 illuatrbndia
1101 2315 1197 2382 saepo
1220 2316 1262 2359 ex
1284 2294 1517 2362 recentioribus
1539 2293 1645 2360 lucem
1666 2307 1777 2380 petere
1799 2293 1959 2372 coleman
1990 2297 2037 2360 ita
2057 2315 2122 2362 non
2225 2309 2231 2314 '

497 2415 602 2483 nolum
633 2411 820 2498 antiquioris
850 2405 1014 2486 Graecae,
1050 2407 1223 2486 Etruscae,
1260 2405 1432 2474 Hebraeae
1466 2410 1645 2494 scripturae
1673 2409 1815 2494 cognitio
1844 2409 1964 2476 eximie
1994 2409 2141 2476 iuvatur

497 2524 666 2594 subtiliore
697 2521 888 2588 Phoenicius
917 2518 1114 2586 litteraturae
1141 2521 1347 2606 cognitione,
1379 2520 1438 2586 aad
1468 2522 1566 2586 etiam
1603 2534 1714 2586 eontra
1742 2518 1918 2586 Phoenicia
1944 2517 2123 2586 litteratura

498 2639 583 2709 baud
605 2658 678 2704 raro
699 2632 828 2702 illarum
852 2633 1090 2719 comparatione
1111 2635 1243 2719 egregie
1263 2631 1460 2714 illustratur,
1496 2636 1683 2719 praesertim
1705 2654 1802 2718 quum
1825 2629 1979 2698 nonnulla
1999 2628 2134 2698 littera‘

499 2768 588 2820 turae
611 2769 748 2837 genera,
778 2749 920 2812 maxime
949 2743 1074 2812 Graeca
1096 2745 1275 2832 antiquior,
1312 2759 1419 2812 aetate
1441 2749 1560 2812 nostris
1581 2746 1796 2812 monumentis
1817 2745 1979 2814 anteriore
2000 2743 2123 2819 eritis

472 2869 599 2932 [matra
621 2874 776 2948 prognata
796 2860 882 2937 rint,
912 2871 944 2924 et
964 2871 1077 2945 postea
1100 2877 1226 2944 quoqne
1246 2859 1281 2922 in
1304 2869 1393 2924 tanto
1409 2857 1525 2926 borum
1539 2856 1749 2945 populorum,
1768 2859 1909 2924 nraxirne
1923 2854 2133 2936 Phoenicum

499 2992 532 3042 et
563 2974 779 3053 Graecorum,
820 2973 1029 3052 commercio,
1065 2970 1202 3036 subinde
1232 2973 1329 3038 unius
1365 2969 1476 3057 populi
1511 2969 1708 3038 consuetudo
1744 2969 1785 3034 ad
1821 2966 1920 3034 alium
1953 2973 2121 3040 nansiisae

500 3090 646 3156 rideatur
667 3088 707 3170 t).
751 3083 847 3162 Quod
868 3083 996 3169 quidem
1018 3097 1188 3168 utrumque
1209 3080 1373 3150 nonnullis
1389 3081 1552 3170 ,exemptis
1570 3081 1733 3150 illustrare
1755 3079 1870 3168 placet.
1904 3113 1906 3120 ·

628 3219 665 3286 ln
685 3222 783 3286 inser.
804 3215 908 3284 Melit.
930 3223 950 3283 3
972 3217 1062 3294 Mera
1083 3231 1116 3282 et
1140 3213 1243 3282 Solia
1262 3213 1388 3282 litterae
1408 3219 1454 3282 ita
1474 3231 1629 3284 exaratae
1648 3230 1743 3298 aunt,
1775 3231 1812 3282 ut
1831 3217 1957 3284 duabus
1978 3217 2121 3305 partibor

501 3348 648 3402 constare
676 3333 862 3410 videantur,
895 3331 930 3395 id
958 3333 1042 3417 quod
1070 3329 1292 3397 Hamalrerum
1326 3334 1374 3398 ita
1404 3329 1537 3410 leiellit,
1574 3344 1610 3395 nt
1637 3330 1730 3396 Men
1758 3333 1811 3410 bt,
1848 3327 1951 3396 Schts
1979 3334 2018 3402 bb
2047 3353 2121 3398 esra

503 3460 638 3537 putaret.
682 3443 803 3510 Veram
826 3455 1015 3530 potestatem
1036 3465 1096 3512 uos
1118 3448 1215 3510 etiam
1230 3444 1367 3510 fortasse
1380 3465 1446 3510 non
1460 3441 1611 3512 omnibus
1626 3445 1902 3530 persuaderemus,
1924 3444 1989 3510 nisi
2004 3445 2121 3524 addere

504 3579 686 3647 possemus,
716 3560 813 3622 etiam
835 3559 870 3622 in
892 3554 1023 3622 Graecis
1044 3560 1260 3624 monumentis
1281 3559 1342 3626 Me
1363 3557 1503 3626 litteram
1525 3557 1639 3624 eodem
1661 3555 1757 3622 modo
1779 3555 1813 3620 in
1835 3554 1933 3634 duas,
1955 3557 2037 3626 adeo
2058 3570 2125 3626 tres

501 3743 610 3818 partes
629 3727 762 3792 fractam
779 3726 941 3812 conspici,
963 3725 1026 3792 boc
1041 3727 1157 3792 modo:
1199 3725 1284 3827 Μ
1311 3727 1347 3790 ἱιι
1369 3730 1475 3793 numia
1490 3725 1654 3816 Edessae,
1692 3721 1784 3830 sev
1804 3725 1838 3788 in
1853 3719 2012 3790 Boeclrbii
2025 3727 2123 3793 inser·

484 3857 555 3966 no.
576 3895 624 3966 lll
645 3919 729 3963 vers.
751 3855 790 3962 2:
822 3892 900 4008 Μ
946 3897 1082 3966 nolli.
1185 3995 1189 4004 Ι

625 4039 664 4132 ln
694 4087 792 4132 nomo
823 4067 960 4154 quodam
990 4067 1316 4154 Persico-phoenicio
1342 4073 1382 4136 ad
1419 4069 1569 4136 Ciliciam
1591 4073 1771 4158 pertinente
1801 4021 1859 4154 (u.⁸
1875 4065 1970 4138 Cilic.
1993 4067 2053 4135 litt.
2074 4069 2124 4152 (i)

503 4207 536 4269 in
570 4225 647 4269 voce
678 4219 764 4270 rm
803 4205 959 4290 reperitur
994 4201 1103 4270 littera
1142 4181 1182 4300 Z
1192 4252 1203 4285 ,
1239 4227 1332 4294 quam
1362 4204 1511 4294 Koppius
1549 4205 1616 4291 (ll,
1637 4205 1720 4292 242)
1749 4222 1868 4272 temere
1896 4205 2024 4274 Lanted
2051 4227 2124 4272 esse

504 4345 644 4427 putavit,
688 4360 867 4426 quanquam
907 4337 968 4402 boc
1003 4360 1165 4425 nunquam
1200 4337 1258 4403 tali
1298 4338 1403 4406 forma
1437 4356 1610 4428 comparet.
1669 4341 1794 4412 Gallata
1829 4340 2003 4430 epigraphe
2037 4355 2123 4429 'tntu
2222 4373 2227 4380 ·

557 4595 584 4664 *)
607 4596 651 4648 De
667 4590 848 4646 Phoenicibus
871 4591 951 4648 etiarn
972 4601 1001 4648 at
1019 4593 1130 4650 Graecis
1148 4595 1280 4667 quodam-
1349 4600 1388 4651 εἰη
1409 4599 1546 4652 dntdrher
1563 4597 1872 4664 Bewdrsortdnuemder
1892 4601 2056 4665 Veronam
2073 4602 2125 4650 uu

505 4697 586 4748 modo
605 4692 712 4757 valent,
737 4689 923 4759 queedeoir.
938 4689 1088 4744 Muellerus
1111 4691 1145 4746 de
1166 4691 1281 4762 seriptu-
1348 4697 1511 4762 Mittbeiturg
1528 4699 1619 4762 dona,
1644 4697 1704 4748 dnn
1722 4698 1747 4746 r'a
1764 4695 1876 4748 ratium
1893 4697 2000 4760 Fritten,
2022 4713 2061 4748 roo
2082 4697 2125 4748 ute

504 4805 550 4842 rae
569 4789 697 4842 Etmrore
720 4785 826 4858 origine
852 4785 889 4840 ita
906 4785 1025 4858 disputat
1046 4787 1104 4854 (die
1118 4789 1280 4842 Etrusberll
1349 4793 1471 4846 Griecben
1496 4797 1575 4844 ditere
1600 4791 1652 4842 und
1674 4791 1780 4858 jiiagere
1802 4793 1909 4842 Fcrnrea
1926 4791 2024 4854 buben,
2058 4793 2125 4844 nuel

505 4903 533 4952 p·
555 4885 637 4944 aeti:
664 4888 783 4952 „Dircen
806 4887 953 4952 Uebergnag
969 4881 1036 4948 dors
1055 4903 1113 4936 rnna
1140 4887 1193 4937 oieb
1220 4888 1282 4940 aber
1349 4891 1421 4942 bride
1435 4892 1481 4955 bey
1492 4891 1540 4940 den
1551 4887 1686 4940 mnsam
1700 4883 1887 4940 norirommrn.‘⁸
1909 4883 2036 4940 Ceterum
2050 4887 2124 4940 haud

506 4981 633 5032 dereiner
649 4981 715 5032 nicht
732 4986 770 5032 nlr
788 4984 858 5033 einen
876 4984 1094 5048 einmotigea,
1113 4993 1283 5034 momento·
1349 4983 1406 5038 soie
1430 4999 1465 5036 an
1488 4997 1521 5036 sa
1547 4989 1648 5048 aetate,
1675 4997 1727 5052 qua
1743 4987 1836 5034 norma
1853 4984 2123 5054 monumentaphoe·

505 5095 563 5129 nen
599 5061 710 5144 dalei,
743 5095 771 5130 ro
805 5079 865 5129 deor
895 5079 936 5130 die
964 5079 1085 5132 Etrurirer
1119 5081 1200 5132 durch
1226 5083 1281 5133 einr
1349 5079 1421 5134 ninia
1433 5077 1532 5146 scripta
1547 5085 1617 5140 mut,
1637 5077 1725 5130 maior
1740 5075 1822 5130 luerit
1835 5076 1878 5133 vis
1888 5075 2035 5148 scripturae
2049 5075 2125 5154 grae·

506 5175 640 5226 bestimmte
659 5175 768 5222 einen:
784 5171 987 5239 Ueberiirseruag
1000 5175 1042 5228 die
1057 5171 1151 5239 Sebrist
1166 5174 1281 5242 empfna·
1351 5193 1400 5230 eae
1413 5175 1442 5228 iu
1456 5172 1643 5244 phoeniciam,
1655 5171 1727 5228 filiae
1742 5172 1772 5226 in
1790 5182 1919 5242 matrem,
1937 5191 2016 5246 quam
2030 5186 2124 5230 contra

504 5288 571 5336 gen,
605 5268 656 5318 aad
675 5267 743 5317 dana
766 5271 791 5318 in
809 5271 947 5322 dermelben
969 5273 1099 5324 Zurturrde
1113 5271 1281 5338 serigeiruiten
1350 5269 1509 5344 phoeniciae
1530 5270 1559 5324 in
1574 5286 1698 5342 graecam
1717 5269 1761 5340 (§
1776 5268 1839 5338 tt).

505 5367 567 5418 ader
588 5359 637 5426 fn‘r
667 5363 722 5414 oieb
753 5365 900 5428 umgebitdet
930 5368 1022 5418 dritten
1068 5369 1196 5420 nemeto
1224 5372 1283 5433 liegt
1423 5343 1428 5366 ¹
