4978 6296
949 623 1384 700 r‘ltsnrd‘rlo.
1897 629 1980 702 xtu

362 842 497 901 vorum
539 833 653 919 atque
690 817 925 908 londinum,
965 817 1031 894 uhi
1064 815 1185 892 multa
1217 833 1335 916 eaque
1371 817 1694 916 praestantissima
1731 834 1979 898 monumenta

362 953 547 1030 mtervari
571 949 756 1038 sciebam,
782 947 878 1038 adii,
903 958 1015 1054 atque
1039 957 1121 1022 tum
1140 945 1371 1044 autographa
1395 945 1607 1043 diligentius
1630 949 1871 1042 examinavi,
1895 963 1979 1028 tum

362 1095 500 1181 ectypa
534 1080 672 1181 partim
704 1075 908 1175 sulphurea
941 1087 981 1150 ot
1005 1097 1145 1173 gypsea
1168 1076 1308 1174 purtim
1335 1073 1531 1154 chartacea
1563 1078 1640 1172 (ert
1661 1078 1790 1156 charta
1814 1079 1978 1178 quodam

358 1203 542 1286 pressiore
579 1229 669 1287 non*
695 1207 898 1304 glutinata,
926 1201 1038 1305 pilate
1053 1243 1070 1260 ·
1080 1222 1208 1304 poper
1245 1202 1361 1300 Angli
1391 1217 1551 1296 voram,
1594 1205 1807 1285 modenua
1840 1211 1980 1286 affabre

361 1338 554 1436 confecta)
579 1336 753 1414 iaciendo
777 1335 926 1426 curavi,
960 1355 1057 1443 quae
1080 1344 1231 1432 postea,
1265 1352 1381 1430 quum
1405 1332 1563 1410 domum
1584 1335 1796 1427 rediissem,
1829 1361 1980 1440 sormma

361 1493 452 1553 eura
492 1482 531 1544 et
569 1468 756 1545 industria
793 1489 856 1542 me
893 1461 1133 1540 moderatore
1171 1462 1378 1538 delineavit
1416 1463 1611 1538 eostam
1659 1464 1978 1564 Veesermeperes,

360 1599 467 1676 Pauli
497 1599 612 1688 lilius,
652 1591 860 1686 Ulmehsis,
899 1593 1048 1670 iuvenis
1081 1593 1173 1668 artie
1194 1591 1528 1691 palaeographicae
1554 1605 1594 1668 et
1617 1595 1699 1693 ipse
1722 1595 1979 1694 peritissimus,

360 1727 408 1804 de
435 1731 540 1808 euius
565 1725 699 1802 auidiis
724 1737 764 1800 et
788 1723 1030 1824 philologieis·
1045 1735 1085 1798 et
1107 1721 1322 1820 theologicis
1344 1723 1489 1798 exindo
1513 1746 1682 1822 quaeque
1703 1747 1853 1823 sperare
1866 1725 1979 1800 inhee

359 1857 633 1957 rempublioam
660 1853 894 1930 litterariam.
952 1847 1076 1941 Quum
1104 1852 1266 1928 Parisios
1295 1875 1446 1952 quiaque
1471 1851 1638 1928 adeundi
1664 1853 1861 1933 eonsihom
1886 1855 1980 1930 abii·

332 1999 334 2004 '
361 2013 445 2080 sere
469 1961 618 2062 iuberet
643 1985 735 2059 anni
761 1983 1070 2082 tempestatisque
1095 1981 1291 2079 iniquiter,
1329 1995 1660 2058 monumentorum
1686 1983 1740 2058 ihi
1767 1993 1979 2058 remoto·

360 2141 446 2192 rum
473 2127 610 2214 ectypa
628 2115 812 2190 miserunt
828 2111 945 2211 perill.
963 2107 1191 2186 Iiocllettsiss
1216 2125 1253 2186 et
1270 2112 1316 2186 Ε.
1336 2111 1381 2187 0.
1399 2109 1619 2210 Sedoltsier
1640 2112 1976 2209 Regiomontansu:

360 2247 638 2324 Hauniensium
670 2242 851 2342 exempla
879 2251 961 2318 urm
993 2239 1143 2316 chartae
1168 2243 1354 2338 impressa
1381 2253 1463 2316 tum
1491 2222 1775 2318 commentariis
1792 2243 1979 2320 illomtrota

360 2373 665 2471 Hohlmhergoirs
711 2373 752 2448 V.
793 2371 908 2461 Van,
959 2367 1297 2468 Neapolitanorum
1337 2371 1520 2468 imagines
1558 2395 1580 2446 e
1620 2395 1738 2470 gypso
1779 2391 1981 2472 expressae

365 2503 536 2580 zatum
557 2504 760 2595 Professor,
794 2500 1018 2578 muhiteetus
1041 2499 1307 2576 nobilissimus.
1359 2495 1464 2588 Quae
1489 2499 1641 2598 quidem
1667 2523 1771 2577 nova
1796 2503 1980 2601 exempla

358 2636 425 2712 uhi
461 2656 718 2734 compararem
754 2655 841 2708 cum
874 2629 950 2716 his,
987 2651 1084 2727 quae
1107 2630 1185 2704 iam
1211 2641 1300 2704 aute
1326 2629 1469 2728 aliquot
1485 2643 1617 2706 ‘annos
1640 2629 1689 2706 ad
1714 2633 1978 2730 exemplorum

359 2765 550 2844 editorum
574 2763 686 2838 iidem
712 2763 754 2836 in
778 2779 889 2838 urum
914 2761 1064 2839 iuturus
1095 2755 1269 2835 editionis
1300 2770 1446 2857 septem
1479 2759 1617 2836 tabulis
1649 2761 1775 2868 ferma
1806 2763 1979 2836 maxima

359 2893 600 2976 inscribenda
630 2910 877 2980 erraveram,
917 2901 996 2981 tam
1029 2889 1165 2964 multis
1192 2889 1296 2964 vitiis
1330 2888 1423 2964 haee
1453 2889 1651 2988 inquinata
1681 2890 1823 2989 reperi,
1862 2903 1907 2964 ut
1932 2913 1979 2966 ea

361 3027 411 3102 ad
437 3047 556 3100 unum
576 3024 705 3132 omnia
729 3020 880 3120 publiea
905 3019 989 3094 lnce
1010 3017 1168 3116 indigna
1189 3030 1229 3096 et
1252 3017 1439 3125 abolendo
1461 3041 1672 3110 eeaserem,
1696 3040 1813 3118 quam
1824 3019 1982 3118 quidem
2097 3103 2100 3110 .

358 3159 543 3232 iaotsumn
570 3153 762 3228 doetrinae
786 3149 1041 3226 emolumento
1065 3149 1227 3228 libenter
1240 3149 1466 3268 gratiheatus
1486 3160 1544 3222 est
1563 3147 1800 3248 redemptor,
1824 3151 1885 3226 vir
1900 3168 1983 3226 nen

358 3285 478 3380 magis
503 3281 681 3354 honestos
706 3302 819 3375 quam
843 3278 1006 3352 liberalis
1028 3274 1088 3372 ¹⁵).
1140 3255 1198 3350 ln*
1213 3276 1262 3352 iit
1287 3287 1436 3352 tanturn
1461 3277 1788 3375 inscriptionibus,
1819 3299 1982 3377 quorun
2127 3301 2133 3312 ’

359 3409 592 3508 autographa
619 3406 682 3484 vel
708 3406 865 3483 omniuo
886 3401 1041 3502 pssiirse
1056 3403 1253 3496 videntur,
1276 3405 1498 3501 utmyoina
1510 3419 1550 3480 et
1564 3407 1768 3506 pleraeque
1783 3404 1984 3498 Citiense»,

359 3543 423 3624 vel
436 3545 478 3618 in
491 3543 576 3640 ipsa
588 3535 718 3612 Africa
732 3546 1006 3624 romanserunt,
1019 3547 1075 3610 ut
1091 3533 1306 3631 Tugpeaeis,
1330 3535 1548 3626 Gerliitaua,
1571 3537 1635 3616 vel
1648 3539 1690 3616 iu
1706 3541 1823 3613 Μὴ
1839 3539 1983 3614 interni

360 3671 507 3760 ineolis,
533 3681 578 3744 ut
598 3665 743 3756 Sicilia,
770 3663 961 3754 Sardinia,
987 3661 1131 3752 Melita,
1151 3675 1409 3753 anemonen,
1435 3687 1505 3774 ego
1519 3688 1674 3764 quoque
1686 3687 1738 3742 ex
1753 3667 1979 3765 apographis
2134 3723 2137 3730 .

359 3799 540 3904 pependi,
582 3817 742 3894 quorum
769 3791 862 3868 lldes
894 3805 976 3870 nou
1006 3792 1144 3890 ubique
1173 3803 1277 3869 serta
1311 3804 1387 3868 etto
1424 3814 1641 3892 quanquam
1667 3795 1802 3870 horum
1828 3817 1982 3893 qnoque

358 3929 542 4010 nonnulla
555 3924 772 4026 apographa
784 3935 918 4004 naeuos
934 3943 1019 3998 sum
1033 3921 1220 4020 exempl'n
1233 3919 1344 3996 editis
1363 3921 1650 4020 vulgaribusque
1666 3925 1899 4002 eoeuretiora
1913 3923 1976 4023 ¹⁶),

361 4063 403 4137 Si
428 4061 524 4136 lorte
553 4058 643 4131 hina
668 4053 848 4151 exempla
869 4063 1019 4151 praesto
1046 4063 1174 4142 erant,
1205 4052 1284 4131 surh
1306 4067 1476 4150 quaeque
1502 4051 1704 4130 moeno·
1727 4054 1907 4152 lungula,
1934 4069 1980 4132 ut
2091 4127 2094 4140 ,

357 4193 400 4266 in
431 4188 635 4285 Tuggensi,
671 4181 888 4280 'l'urinensi‚
923 4179 1291 4281 Carpentoraetensi,
1325 4181 1516 4255 nonnullis
1540 4177 1786 4274 Citiensibus,
1819 4197 1978 4284 utraque

359 4320 467 4410 seor,
499 4329 543 4391 ut
566 4313 818 4409 intelligerent
842 4307 1016 4401 rectores,
1050 4311 1238 4410 quomodo
1262 4311 1309 4385 ro
1327 4322 1438 4385 soree
1459 4311 1711 4408 romonolo
1737 4306 1787 4386 au
1810 4274 1976 4411 plurium

357 4447 619 4547 exemplorum
638 4441 752 4516 iidem
779 4437 1040 4515 constituendo
1066 4453 1238 4516 versatus
1263 4461 1394 4516 essem.
1424 4483 1465 4498 -
1495 4441 1542 4514 lo
1567 4463 1770 4518 numerum
1794 4441 1975 4541 (quorum

358 4577 537 4678 exempla
544 4595 749 4676 permagno
764 4571 1105 4670 numero'exstant)
1120 4569 1333 4670 epigraphis
1348 4569 1503 4646 edendis
1519 4594 1597 4646 non
1609 4571 1744 4648 eodem
1758 4571 1872 4648 modo
1883 4571 1976 4646 mihi

422 4823 476 4908 11)
497 4821 811 4905 muorlpuooumiam
824 4817 977 4880 odioru-
993 4819 1137 4902 exe-pl·
1199 4821 1297 4883 rullus
1324 4819 1501 4901 exemplum
1523 4841 1543 4881 ι
1561 4820 1692 4882 Ladae,
1708 4819 1817 4882 Rusio
1841 4819 1900 4880 im
1921 4821 1976 4884 din

357 4957 375 4998 a
399 4932 489 4998 robis
505 4929 546 4992 sd
565 4915 786 5010 autographum
812 4921 970 4993 emendata
993 4923 1142 4988 teum
1201 4936 1248 4989 ml
1261 4925 1348 5006 qued
1357 4925 1451 5008 petii,
1477 4925 1682 4988 sedsnoeolosr
1696 4924 1869 5004 impetrari.

358 5041 392 5104 in
414 5036 518 5102 Melit.
537 5039 567 5096 1.
585 5039 619 5096 2.
644 5029 761 5094 Athen.
781 5037 810 5092 1.
828 5033 861 5090 2.
881 5028 944 5092 (iit.
961 5035 993 5092 2.
1022 5027 1130 5092 Cutha
1266 5027 1319 5111 lli)
1341 5029 1424 5092 Vide
1442 5029 1543 5093 Melit.
1568 5035 1608 5104 δ’,
1631 5029 1811 5090 Porteriana
1835 5031 1982 5112 exemplo.

360 5149 393 5208 1.
423 5149 455 5206 2.
483 5145 516 5204 ὅ.
539 5138 571 5198 4.
601 5143 632 5204 5·
665 5142 697 5200 8.
752 5131 883 5196 Numid.
911 5139 942 5196 1.
975 5139 1007 5196 2.
1037 5139 1069 5196 3.
1096 5133 1130 5196 1.
1201 5133 1317 5196 (ΗΜ.
1336 5139 1469 5207 21.23,
1500 5134 1979 5219 praecelerirtllul'rToggensit

358 5245 481 5328 Tripol.
507 5249 538 5304 1.
560 5247 598 5316 2,
634 5239 821 5321 Babylonica
839 5257 893 5300 no.
909 5239 973 5313 77,
1004 5239 1132 5320 gemmis
1199 5239 1325 5300 tertium
1341 5235 1521 5322 eaenplodr
1533 5237 1596 5300 trh.
1616 5241 1658 5303 ts
1673 5239 1800 5322 editun.

356 5371 411 5416 no.
426 5355 467 5414 at
480 5359 529 5410 ter
535 5391 545 5424 ,
569 5351 623 5410 70.
640 5377 685 5394 ··-
705 5341 907 5406 Atheniensis
920 5343 1025 5406 sertim
1039 5363 1132 5406 recn-
1214 5383 1218 5388 -
