5004 6306
402 611 868 740 honestamentum
891 613 1079 684 neam
1122 615 1251 684 LXXI.
1271 615 1453 690 MONUM.
1478 618 1848 691 castrehantam.
1890 563 1976 704 231Ι

468 803 620 891 Sequitur
648 801 857 870 difficillimus
885 806 1104 891 inscriptionis
1130 802 1240 885 locus,
1276 807 1317 871 de
1340 830 1403 895 qao
1424 808 1568 898 plerique
1591 809 1818 898 desperarunt,
1848 814 1881 877 in
1904 836 1966 900 quc

340 937 433 982 nemu
461 916 529 981 fare
557 915 610 980 vel
638 915 703 982 sihi
730 914 783 981 vel
809 913 883 984 aliis
911 917 1075 984 satisfecit.
1120 919 1205 994 Quid
1226 918 1305 983 mibi
1327 921 1495 1007 probabile
1517 923 1677 1000 videntur,
1709 927 1819 1010 paueIs
1846 927 1964 994 dicam.
2108 919 2114 931 '

339 1045 463 1116 trapam
492 1051 552 1116 pro
581 1027 706 1116 vulgari
735 1047 846 1117 tapam
877 1029 952 1118 lego
978 1051 1019 1095 ex
1048 1033 1240 1096 auctoritate
1267 1033 1443 1121 apographi
1474 1033 1738 1118 Br'dndstediaai,
1766 1039 1851 1124 quod
1872 1037 1965 1105 tina

338 1145 372 1208 iu
407 1139 473 1206 fine
508 1139 647 1228 figuram
682 1141 781 1208 habet
815 1143 869 1208 Hc
903 1141 1059 1208 similem:
1098 1145 1194 1231 idque
1223 1165 1296 1210 curn
1326 1146 1513 1214 Hantakero
1545 1151 1720 1234 pronuncio
1751 1164 1874 1245 ³212?ss
1907 1175 1966 1238 pro
2072 1133 2077 1140 ⁶

338 1272 448 1353 2³)ssth
477 1254 657 1334 desorata,
687 1277 785 1335 caca,
821 1277 863 1321 ex
900 1269 977 1320 uoto
1007 1254 1221 1322 Arutuaiamo.
1274 1262 1387 1339 huba,
1426 1263 1509 1348 quud
1538 1283 1611 1326 curn
1639 1259 1755 1326 Baerio
1783 1236 1877 1351 lego,
1916 1280 1966 1330 eat

339 1371 467 1445 calens,
489 1369 589 1463 terpha-
631 1384 743 1448 tntae,
766 1371 850 1457 quod
866 1369 1045 1433 cernicinum
1061 1390 1123 1433 nou
1140 1389 1212 1434 ease
1226 1371 1465 1456 spoponderim,
1488 1377 1557 1438 sive
1571 1375 1705 1462 quadarn
1718 1373 1965 1463 orthographiae

339 1481 537 1569 negligentia
558 1483 592 1544 iu
613 1479 721 1546 littera
741 1501 762 1548 e
783 1484 913 1568 saepius
935 1479 1031 1546 obvia
1054 1483 1115 1566 (de
1130 1504 1192 1570 qua
1206 1483 1348 1548 diximus
1367 1487 1406 1550 ad
1421 1483 1586 1551 Numida
1604 1485 1661 1551 liu.
1675 1488 1715 1570 2)
1736 1489 1805 1552 sire
1819 1491 1966 1554 statuarii

339 1602 449 1682 errore
470 1631 634 1680 exaratum
659 1616 784 1680 videtur
804 1637 860 1702 pro
881 1632 976 1683 tntae:
998 1617 1142 1682 deliciae
1162 1639 1254 1682 meae
1276 1617 1370 1705 (coll.
1392 1585 1446 1728 {li
1470 1617 1644 1708 deliciae),
1668 1623 1753 1711 quod
1775 1624 1966 1690 denomino

273 1841 277 1846 ,
339 1771 474 1848 dicitur,
513 1771 606 1834 cuius
632 1765 750 1834 cultrix
779 1785 849 1834 erat
878 1767 1012 1850 Theba,
1048 1783 1083 1836 ut
1105 1774 1180 1864 aad)
1201 1755 1294 1866 neap
1316 1771 1402 1839 Dan.
1425 1781 1477 1853 11,
1502 1777 1543 1839 37
1574 1775 1716 1845 deliciae
1737 1778 1905 1842 mulierum
1927 1777 1967 1842 de

339 1881 426 1950 idolo
456 1905 475 1946 a
505 1879 694 1946 mulieribus
723 1883 869 1948 studiose
899 1880 995 1947 culto.
1046 1881 1172 1962 Quibus
1202 1860 1314 1972 positis
1341 1885 1421 1950 haec
1449 1888 1559 1974 prodit
1583 1891 1759 1953 sententia:
1790 1889 1967 1956 Honestate

339 2005 428 2076 esto,
460 1995 628 2058 ocultrs'x
649 1994 842 2059 deliciorum
864 2016 1006 2060 mearum
1027 1999 1049 2060 i.
1070 2017 1100 2060 a.
1123 1995 1274 2062 Osiridis.
1320 1998 1479 2086 Loquitur
1504 2013 1611 2086 pater,
1642 1999 1784 2070 Osiridis
1805 2003 1967 2080 sacerdos,

340 2113 394 2195 qui
418 2107 505 2174 hunc
528 2103 654 2171 titulum
676 2105 764 2172 filiae
785 2109 902 2194 posuit.
960 2193 966 2204 .

466 2323 533 2390 aba
557 2336 633 2388 tamn
657 2325 752 2404 tehen
784 2340 845 2414 pat
876 2331 910 2388 et
939 2327 1030 2386 fater
1055 2327 1134 2407 pios
1155 2332 1235 2388 esto.
1278 2323 1369 2390 Vel.
1422 2325 1619 2392 Litterarum
1648 2329 1740 2392 uncis
1768 2325 1966 2392 inclusarum

339 2437 475 2522 vestigia
496 2437 530 2498 iu
552 2433 659 2520 lapide
682 2431 820 2500 feliciter
842 2435 1007 2521 indagavit
1028 2449 1060 2498 et
1082 2447 1154 2520 apte
1176 2433 1334 2522 supplevit
1353 2439 1514 2520 Lancius,
1543 2439 1605 2506 hoc
1628 2441 1757 2505 numina
1779 2443 1849 2504 iure
1871 2441 1966 2504 mari·

338 2569 434 2640 toque
461 2551 653 2618 latrdandna.
703 2567 787 2622 mett
817 2574 836 2616 a
865 2517 963 2621 limi.
991 2556 1073 2640 pius.
1123 2554 1186 2618 I'rc
1209 2570 1305 2636 nnn,
1341 2557 1426 2644 quod
1455 2578 1516 2644 ego
1539 2561 1655 2637 sumai,
1692 2557 1835 2623 Leuciua
1856 2557 1967 2644 posuit

338 2674 424 2742 stab.
469 2670 562 2736 Haec
588 2686 695 2737 autem
727 2671 832 2735 forrttn
860 2693 958 2757 quum
983 2675 1017 2738 iu
1046 2669 1089 2738 V.
1112 2669 1173 2751 Τ.,
1202 2672 1235 2736 id
1266 2675 1350 2760 quod
1371 2691 1457 2740 recte
1486 2677 1593 2741 docuit
1614 2675 1768 2756 Beeriua,
1804 2695 1966 2761 nunquam

341 2809 406 2850 non
429 2800 568 2872 ponatur
587 2805 647 2871 pro
670 2789 689 2850 3
709 2807 807 2849 maso.
830 2783 889 2849 fut.
912 2801 992 2886 &232
1014 2786 1318 2874 (quomodocunque
1340 2787 1373 2852 id
1396 2787 1592 2876 explicabis)
1619 2789 1691 2854 Esr.
1708 2793 1741 2868 ⁷,
1758 2793 1809 2853 26.
1835 2785 1964 2864 Dan2,

338 2903 390 2964 45.
415 2901 447 2976 ³,
465 2903 515 2962 18.
537 2905 570 2976 4,
586 2905 636 2961 22.
656 2901 688 2976 5,
704 2903 764 2977 29,
791 2913 861 2963 'nec
887 2875 1012 2986 placeat
1033 2899 1209 2963 sententia:
1243 2908 1277 2964 et
1298 2905 1388 2965 inter
1404 2908 1482 2989 plor
1505 2911 1574 2966 ectu
1590 2921 1683 2989 pax,
1711 2899 1851 2988 legimus
1873 2917 1963 2978 nnn,

340 3009 426 3095 quod
456 3008 566 3074 itidem
596 3009 704 3074 ferunt
731 3008 857 3076 litterae
885 3015 1032 3099 uestigia.
1084 3013 1152 3084 ahu>
1181 3025 1287 3078 autem
1315 3017 1512 3100 respondere
1543 3036 1660 3080 censeo
1683 3016 1757 3079 trito
1780 3009 1830 3078 illi
1851 3016 1964 3098 Χαῖρε,

340 3121 437 3187 IIcoe
460 3123 493 3184 in
518 3119 777 3204 inscriptionibus
799 3122 1032 3208 sepulcralibus
1056 3125 1254 3194 Graecorum
1276 3140 1308 3192 et
1330 3124 1560 3194 Romanorum.
1657 3143 1659 3154 “

466 3327 499 3386 4.
542 3315 594 3384 De
618 3318 773 3404 Aegypto
795 3317 892 3384 huius
912 3325 1112 3388 mouumenti
1127 3332 1267 3408 patric,
1290 3326 1330 3392 de
1349 3347 1415 3413 qua
1428 3323 1547 3392 multus
1562 3340 1612 3392 est
1627 3325 1769 3392 Lauoiua
1791 3347 1823 3410 p.
1839 3328 1881 3390 67
1895 3345 1964 3410 sqq.

339 3433 415 3499 lica't
437 3432 635 3520 argumentis
658 3452 735 3497 usus
756 3451 798 3498 ex
821 3446 912 3518 perte
934 3432 1103 3514 inanibus,
1127 3435 1179 3500 val
1201 3451 1331 3524 propter
1351 3441 1509 3525 imagines
1531 3453 1564 3503 et
1577 3437 1809 3524 Acgyptiorum
1831 3437 1966 3503 deorum

339 3545 458 3612 cultum
489 3543 631 3610 dubitari
661 3547 718 3625 rix
748 3557 891 3630 poteret,
929 3567 1107 3632 quenquam
1138 3545 1301 3614 Osirident
1331 3553 1427 3618 etiam
1454 3573 1474 3614 a
1501 3549 1717 3616 Phoenicibus
1739 3547 1965 3616 Melitensibua

340 3658 461 3726 cultum
484 3677 555 3724 esse
578 3660 699 3722 acirnua
720 3655 769 3742 (v.
791 3659 833 3724 ad
854 3661 952 3726 inser.
975 3656 1080 3726 Melit.
1105 3667 1118 3724 1
1145 3675 1178 3726 et
1200 3683 1315 3728 numos
1341 3660 1542 3742 Geulitauos,
1570 3659 1627 3728 lib.
1649 3661 1708 3742 III,
1732 3663 1964 3748 nu.14):scd

339 3788 428 3838 ceno
461 3786 494 3836 et
526 3769 702 3836 indubitato
740 3786 930 3858 argumento
965 3785 1043 3838 suut
1077 3775 1194 3857 partim
1228 3785 1436 3840 suouumente
1471 3773 1598 3861 lapidea
1632 3774 1708 3840 huic
1737 3773 1903 3842 simiIIIma
1929 3777 1963 3840 in

340 3885 487 3973 Aegypto
515 3898 641 3970 reperte
670 3897 702 3948 ct
730 3905 772 3950 ex
801 3899 889 3970 parte
920 3889 1078 3972 aegyptiis
1100 3883 1218 3952 litteris
1239 3884 1371 3972 impleta
1393 3887 1446 3968 (s.
1467 3890 1496 3966 l.
1519 3894 1539 3952 2
1562 3900 1594 3950 ct
1614 3907 1691 3952 mox
1714 3908 1767 3951 uo.
1791 3883 1963 3972 LXXII),
2052 3905 2058 3914 ·

339 4001 452 4086 partim
468 3999 580 4084 papyri
593 3998 707 4062 eodem
722 3999 898 4084 scripturae
916 4021 1035 4088 genere
1049 4000 1225 4086 eademque
1239 3997 1375 4066 dialecto
1389 4002 1537 4087 inscripti
1555 4000 1621 4084 (uc.
1633 3998 1794 4066 LXXIII.
1804 3998 1964 4066 LXXIV.

338 4109 506 4196 LXXV)

468 4305 571 4374 Tituli
601 4315 766 4372 auctorem
794 4305 930 4374 Beeriua
957 4307 1041 4375 llbro
1069 4312 1122 4376 cit.
1152 4313 1288 4394 (iutrod.
1312 4333 1342 4398 p.
1368 4319 1398 4378 8.
1420 4311 1653 4398 9)·hominem
1683 4307 1841 4376 Judaeum
1862 4309 1964 4376 fuisse

341 4425 503 4514 existimat
537 4424 571 4486 iu
610 4419 761 4508 Aegypto
789 4421 956 4507 degentem
986 4437 1018 4487 et
1046 4423 1209 4512 Aegyptia
1238 4423 1339 4490 cultui
1366 4427 1547 4506 addictum,
1585 4439 1651 4490 tum
1681 4423 1722 4489 ad
1751 4423 1964 4489 Hebraiansos
1999 4483 2005 4488 .

340 4557 520 4624 provocans
531 4537 564 4599 in
576 4547 729 4600 contextu
742 4553 891 4598 aramaeo
903 4535 1075 4602 identidem
1090 4515 1246 4624 repertas,¹
1263 4551 1331 4604 tum
1345 4541 1385 4603 nd
1401 4537 1598 4624 singularem
1612 4539 1788 4623 scripturae
1801 4557 1964 4602 mamaea·

340 4652 544 4738 aegyptiacae
566 4669 630 4712 nun
656 4645 761 4712 solum
784 4667 856 4711 eum
880 4643 1087 4730 Palmyrena,
1114 4651 1171 4716 aed
1194 4652 1369 4716 edoceam
1392 4649 1531 4716 hebraeo
1553 4652 1727 4738 quadrata,
1750 4649 1841 4714 cuius
1861 4661 1963 4714 muter

340 4785 412 4829 ease
434 4762 579 4840 videtur,
609 4763 871 4836 consensionem
912 4760 1108 4848 eandemque
1131 4765 1288 4849 originem
1310 4765 1360 4828 vir
1381 4765 1585 4828 doctissimus
1606 4764 1703 4826 etiam
1725 4781 1844 4847 papyro
1872 4759 1968 4828 Tau..

340 4875 462 4940 rincusi
486 4887 519 4938 et
539 4873 727 4960 fragmentis
750 4871 966 4939 Blaeasaiania
988 4876 1143 4960 assignat.
1194 4873 1288 4952 Quod
1312 4876 1438 4962 quidem
1459 4878 1617 4962 posterius
1645 4893 1825 4962 quanquam
1848 4887 1881 4939 et
1901 4895 1963 4962 ego

341 5007 537 5072 magnopere
565 4986 668 5074 probo
695 5001 728 5052 ct
755 4989 965 5052 certissimum
995 4985 1118 5066 babeo,
1154 4989 1283 5074 aegrius
1311 5002 1417 5053 tamen
1447 5009 1467 5052 a
1494 5009 1546 5052 ma
1567 4989 1723 5073 impetro,
1758 5000 1794 5052 ut
1822 4987 1891 5052 eiua
1922 4987 1962 5052 dc

341 5099 438 5164 baina
465 5101 565 5164 nostri
587 5104 784 5166 monumenti
804 5103 982 5166 sententiae
1007 5097 1083 5164 licet
1103 5097 1232 5186 liuguae
1255 5113 1287 5165 et
1309 5103 1485 5187 scripturae
1505 5098 1683 5166 similitudo
1704 5096 1842 5166 similem
1864 5102 1963 5188 origi·

341 5233 416 5278 nem
434 5211 571 5276 suadere
593 5217 709 5298 possit,
748 5217 924 5294 assentiar,
958 5215 1144 5300 praesertim
1167 5235 1262 5300 quum
1283 5209 1369 5280 aliud
1391 5210 1497 5280 simile
1519 5214 1693 5279 accemerit
1720 5213 1794 5300 (no.
1813 5211 1961 5296 LXXI).

340 5325 513 5391 Faciamus
543 5327 647 5408 enim,
684 5329 767 5412 quod
797 5331 830 5393 in
860 5329 956 5394 tantia
977 5324 1172 5393 Iudaeorum
1194 5324 1424 5414 Aegyptiorum
1448 5325 1627 5415 priviIegiia
1656 5341 1688 5393 et
1708 5324 1961 5392 immunitatibus
