4924 6304
514 661 587 738 156
628 653 762 724 LIBER
775 649 1021 721 secuntias
1051 643 1392 736 INSCRlPTIONES
1407 639 1687 710 Pnoutttclaa.
1710 637 1859 707 CAPUT
1874 637 2109 717 QUARTUM.

513 871 579 916 non
607 843 682 912 tulis
712 856 779 921 est,
806 841 864 906 sed
893 839 1003 917 Meus,
1038 857 1141 921 noque
1173 835 1303 900 differre
1331 831 1546 898 existimanda
1575 843 1625 894 est
1650 850 1671 892 a
1695 827 1758 894 litt.
1786 835 1819 893 2.
1847 825 1905 892 lin.
1932 837 1965 893 4.
2008 827 2133 894 Eodem

513 961 607 1028 modo
635 960 720 1044 pinta
748 967 797 1018 est
827 951 908 1016 haec
935 949 1043 1016 lit'tera
1068 963 1163 1035 atque
1195 947 1314 1027 Schin,
1352 947 1460 1010 addito
1481 967 1501 1009 a
1522 945 1636 1008 dextra
1656 957 1746 1028 parte
1767 939 1915 1028 longiore
1936 963 2054 1028 scapo,
2092 941 2134 1007 ol.

514 1077 555 1142 de
580 1072 642 1138 hac
671 1071 836 1152 utriusque
864 1063 990 1130 litterae
1018 1065 1051 1128 in
1081 1062 1196 1127 iisdem
1224 1061 1441 1125 monumentis
1473 1055 1623 1143 analogia
1644 1077 1740 1140 sopra
1770 1077 1843 1142 pag.
1865 1059 1917 1120 ³6.
1960 1057 1994 1138 2)
2015 1056 2136 1121 Lista

512 1187 571 1253 lin.
599 1189 619 1250 d
643 1179 732 1247 nnllo
762 1179 859 1244 modo
889 1177 963 1244 Ple
989 1197 1062 1242 esse
1092 1187 1215 1263 potest,
1253 1175 1309 1238 sed
1339 1173 1542 1238 manifestam
1569 1183 1619 1234 est
1646 1168 1715 1234 Jod
1744 1169 1836 1253 (vide
1864 1167 1987 1233 similes
2015 1167 2137 1255 ligurus

513 1321 585 1388 pag.
608 1295 679 1381 31).
731 1293 766 1380 3)
792 1293 910 1357 Liuii
940 1289 1080 1355 litteram
1108 1297 1276 1374 pourton,
1313 1307 1394 1373 quae
1427 1297 1477 1349 est
1504 1282 1603 1362 Νιιιι,
1633 1280 1749 1346 Arrius
1776 1303 1841 1346 nou
1869 1281 2008 1346 debebat
2029 1283 2137 1346 addita

514 1407 635 1478 lineola
656 1421 777 1472 amere
798 1419 923 1470 mutare
943 1406 978 1468 in
1000 1401 1095 1468 Beth.
1142 1402 1177 1486 4)
1207 1401 1282 1465 Lin.
1304 1405 1323 1462 8
1345 1397 1405 1461 litt.
1427 1404 1447 1460 2
1477 1397 1585 1461 differt
1605 1417 1626 1458 a
1653 1395 1762 1460 Gistel
1780 1394 1831 1460 bis
1853 1409 2022 1481 praetem
2042 1395 2139 1460 obvio

514 1523 573 1590 lin.
602 1518 708 1586 2litt.
737 1525 758 1582 2
788 1531 821 1581 et
849 1516 907 1581 liu.
931 1521 951 1582 7
979 1515 1041 1580 litt.
1066 1521 1084 1580 5
1115 1529 1147 1578 et
1173 1512 1246 1579 Pte
1273 1533 1345 1578 esse
1375 1510 1514 1574 videtur.
1564 1507 1598 1594 5)
1626 1508 1700 1575 Liu.
1730 1515 1749 1572 7
1777 1507 1839 1574 litt.
1862 1515 1882 1575 3
1911 1507 2038 1575 Dalett
2066 1529 2139 1574 esso

516 1635 660 1712 videtur,
689 1653 754 1696 non
778 1629 905 1710 meod,
942 1629 1025 1694 enni.
1047 1628 1182 1693 eandem
1204 1629 1237 1691 iu
1260 1625 1374 1690 eodem
1397 1619 1554 1688 vombnln
1577 1619 1718 1686 litteram
1739 1619 1796 1686 lia.
1819 1628 1840 1688 7
1863 1619 1923 1688 litt.
1943 1629 1974 1688 8.
2019 1619 2139 1688 Contra

518 1762 605 1814 recte
626 1745 706 1810 vidit
728 1742 844 1808 Arrius
867 1741 925 1807 lin.
943 1748 964 1806 6
986 1741 1046 1806 litt.
1069 1746 1089 1808 7
1112 1762 1185 1805 esse
1207 1757 1229 1811 't
1253 1749 1408 1824 exparte
1431 1736 1614 1800 evanidam.

645 1859 780 1924 Litteris
801 1861 847 1922 ita
868 1853 1010 1922 definitis
1034 1875 1089 1920 eas
1112 1851 1198 1919 huno
1216 1857 1250 1917 in
1273 1851 1402 1917 modom
1421 1849 1630 1934 dispesoimus
1652 1859 1685 1910 et
1704 1849 1967 1934 interpretamur:

871 2015 903 2084 pp
933 2013 994 2088 m
1024 2013 1081 2084 m
1291 1995 1440 2068 Domus
1466 1990 1603 2091 capitis
1629 1991 1677 2085 (i.
1694 2015 1725 2064 e.
1751 1991 2042 2088 dormitorium)

894 2147 989 2218 itata
1019 2145 1085 2243 'lii
1289 2129 1506 2230 praecipit,
1541 2129 1612 2228 qttc'
1632 2129 1759 2226 (crat)
1780 2154 1857 2228 pa-

826 2281 869 2352 ta·
892 2283 903 2350 l
924 2279 1032 2382 rt'ta
1063 2279 1089 2348 :i
1300 2275 1363 2338 ier
1391 2263 1620 2338 Sardorum.
1671 2265 1788 2338 Poct'a
1813 2291 1855 2338 a.

852 2389 912 2491 511
942 2415 1002 2485 ttn
1033 2387 1086 2490 nb
1297 2426 1408 2474 mooe
1428 2399 1512 2490 tlte,
1542 2425 1631 2500 poa

890 2545 918 2615 n
957 2545 1032 2614 tta*
1063 2546 1089 2616 Ε
1301 2537 1504 2632 contingat
1527 2561 1586 2608 re·

826 2685 852 2752 't
886 2676 930 2778 12
962 2655 1088 2782 tim&
1296 2697 1375 2771 gno
1400 2683 1545 2748 trostro.
1594 2673 1693 2746 Ben-

878 2815 943 2890 tm
978 2817 1022 2914 Ρ
1054 2812 1087 2883 tu
1298 2805 1444 2900 Rosci,
1477 2809 1594 2902 filius
1620 2807 1777 2906 Nogt'dt',

988 2923 1090 3020 *aab
1301 2944 1476 3032 L-cnse‘s,

525 3125 607 3196 qnae
628 3101 768 3167 hebraeo
790 3117 880 3164 more
902 3098 947 3162 itu
968 3093 1140 3160 scribenda
1161 3109 1250 3162 sunt:
1279 3099 1361 3190 1151)
1388 3113 1452 3166 tttrt
1483 3101 1566 3191 ulit}
1595 3103 1711 3198 spania
1741 3103 1839 3192 :affl
1869 3103 1959 3192 capg
1989 3105 2065 3168 pta-p
2090 3117 2145 3184 mg

526 3221 605 3290 mul
625 3233 689 3310 *rap
710 3233 746 3307 pp
769 3217 920 3302 osvii
945 3211 1086 3306 ιιιῃςξιι
1112 3219 1180 3304 asp.

655 3390 714 3454 Est
733 3391 833 3476 igitur
853 3381 963 3450 titulus
985 3381 1190 3470 sepulcralis,
1224 3387 1258 3448 in
1282 3405 1344 3470 quo
1366 3383 1428 3450 lsoc
1449 3385 1612 3474 singulare
1634 3399 1683 3450 est
1705 3397 1737 3449 et
1758 3406 1896 3464 novum,
1926 3387 2009 3472 quod
2031 3407 2146 3452 nomen

528 3507 693 3594 proprium
719 3497 836 3586 sepulti
866 3517 916 3566 'tta
945 3514 981 3588 μ
1010 3516 1061 3566 u't
1090 3515 1126 3586 ῃ
1152 3495 1210 3562 lin.
1232 3504 1264 3563 6.
1287 3505 1325 3578 7,
1360 3503 1446 3586 quod
1474 3505 1539 3566 iant
1569 3498 1647 3564 alibi
1677 3501 1803 3586 ponetis
1830 3496 1989 3564 inclusum
2012 3500 2148 3564 vidimus

528 3619 610 3706 (Cit.
627 3621 675 3682 15.
688 3619 729 3679 2³
751 3613 790 3678 ci
812 3634 885 3698 pag.
900 3617 940 3676 ⁵5
955 3615 984 3694 )‚
1008 3610 1070 3676 hoc
1087 3609 1159 3676 loco
1176 3615 1301 3700 punctis
1315 3615 1347 3678 in
1364 3616 1452 3698 ipsus
1469 3612 1591 3679 litteras
1606 3615 1740 3697 primam
1758 3625 1790 3674 et
1805 3625 1981 3678 extremam
1997 3614 2148 3678 immissis

528 3731 717 3818 insignitum
732 3741 792 3804 est,
814 3726 905 3790 coins
918 3721 1023 3790 simile
1038 3738 1189 3810 punctum
1204 3727 1300 3790 etiam
1317 3728 1351 3790 in
1366 3724 1474 3792 littera
1489 3729 1586 3790 totius
1599 3724 1684 3789 titali
1699 3721 1815 3788 initiali
1831 3727 1999 3809 reperitur.
2041 3725 2147 3790 Etiam

528 3844 643 3910 Arrius
670 3843 762 3928 (pag.
793 3843 822 3903 8.
850 3839 892 3922 9)
928 3839 968 3902 de
999 3836 1050 3902 his
1082 3839 1208 3924 punctis
1238 3859 1337 3924 agens
1367 3855 1453 3904 recte
1485 3838 1692 3916 coniiciebat,
1727 3858 1766 3900 ca
1796 3836 1981 3902 nominibus
2010 3839 2149 3924 propriis

528 3955 709 4022 indicandis
722 3953 898 4030 inservire,
917 3953 950 4014 in
967 3971 1061 4037 quam
1076 3972 1143 4016 sem
1159 3949 1390 4038 Aegyptiorum
1404 3973 1525 4016 morem
1541 3973 1652 4037 regum
1667 3951 1862 4036 deorumque
1878 3951 2009 4014 nomina
2024 3955 2151 4040 propria

529 4065 728 4154 marginibus
756 4062 940 4128 includendi
969 4077 1054 4128 recte
1088 4065 1217 4150 quidem
1246 4063 1449 4130 conserebat:
1486 4065 1561 4140 sed,
1600 4079 1636 4128 ut
1661 4063 1725 4130 sibi
1746 4077 1907 4128 constaret
1929 4065 2149 4150 interpretatio

530 4203 606 4260 sua,
628 4191 745 4265 puncta
761 4199 824 4242 non
839 4179 873 4240 in
886 4174 1009 4240 litteras
1026 4179 1149 4265 primas
1160 4191 1254 4262 atque
1270 4191 1437 4268 extremas·
1448 4181 1611 4242 nominum
1631 4179 1831 4263 propriorum
1848 4179 1992 4242 immissa
2005 4175 2149 4263 potabat,

530 4293 588 4360 scd
615 4293 650 4354 in
678 4311 734 4354 eas
761 4288 903 4368 litteras,
940 4311 1025 4376 quae,
1044 4291 1175 4354 nomina
1196 4292 1324 4376 propria
1345 4293 1522 4370 anteirent,
1553 4290 1641 4356 velot
1662 4311 1805 4370 ouans,
1832 4309 1907 4368 aas,
1930 4293 2001 4358 *aab
2022 4311 2060 4370 a,
2089 4311 2151 4378 qna

530 4407 656 4473 r'atioue
687 4401 875 4496 utilissimae
904 4401 1140 4468 observationis
1168 4424 1244 4466 usus
1271 4405 1302 4466 ei
1332 4404 1505 4469 intercidit.
1532 4443 1575 4455 -
1619 4403 1713 4482 Quod
1735 4407 1847 4470 attinet
1867 4404 1908 4468 ad
1930 4417 2150 4490 argumentum

531 4516 628 4596 tituli,
652 4514 793 4602 elogium
816 4515 878 4578 viri
900 4513 1017 4600 sepulti
1037 4517 1082 4578 ita
1102 4517 1282 4580 institutum
1305 4529 1373 4594 est,
1397 4529 1432 4580 ut
1454 4537 1571 4582 nomen
1597 4521 1668 4584 eius
1687 4519 1888 4604 respiciatur:
1912 4515 2015 4602 qualis
2030 4521 2153 4606 ingenii

530 4630 639 4710 lusus,
677 4629 1028 4694 accommodatissimus
1057 4626 1113 4691 ille
1144 4629 1184 4692 ad
1215 4631 1369 4694 orationis
1400 4627 1572 4696 Semiticae
1598 4629 1740 4696 indolem
1773 4629 1876 4716 (Gen.
1898 4635 1936 4707 9,
1960 4635 2012 4696 27.
2037 4636 2098 4709 49,
2121 4636 2151 4697 8.

534 4749 584 4809 tc.
601 4749 651 4810 19.
684 4739 782 4807 Num.
807 4749 858 4820 ιι,
885 4747 936 4806 21.
958 4739 1057 4806 Mica.
1082 4748 1118 4820 1,
1143 4747 1293 4807 10-15.
1316 4739 1390 4806 aa.
1413 4747 1453 4822 5,
1477 4749 1527 4824 5.,
1551 4745 1592 4806 ιι.
1615 4731 1781 4830 near-get.
1804 4765 1834 4828 p.
1857 4747 1928 4806 sna.
1949 4746 2033 4824 aso)
2055 4745 2153 4810 ettam

533 4859 567 4922 iu
594 4859 690 4922 inser.
719 4853 888 4942 'l'nggensi
918 4852 994 4940 (lin.
1017 4853 1060 4942 5)
1092 4854 1238 4922 habetur.
1292 4853 1456 4923 Alluditur
1478 4871 1585 4923 autem
1608 4857 1649 4920 ad
1672 4879 1789 4922 nomen
1812 4854 1883 4920 lien
1904 4853 2031 4933 Rosea,
2051 4855 2153 4934 filios

534 4967 669 5056 Nagtdt·
688 4966 738 5032 lsis
760 4968 869 5034 verbis

662 5133 741 5184 utto
772 5133 823 5185 tta
852 5115 920 5200 nu)
953 5117 975 5179 i.
995 5137 1024 5180 e.
1053 5114 1142 5184 hebr.
1164 5137 1254 5182 more
1276 5125 1367 5212 vagu}
1389 5121 1465 5186 ott-t
1488 5135 1544 5204 tua
1567 5115 1790 5182 dorestatae
1808 5124 1992 5204 princepis,
2026 5136 2071 5184 n:
2093 5139 2152 5203 pro

533 5247 589 5316 nug
611 5225 711 5292 habes
731 5226 835 5295 Melit.
858 5235 897 5306 2,
922 5235 949 5293 1.
972 5227 1080 5316 Tngg.
1107 5236 1145 5306 t,
1178 5237 1230 5298 ui't
1252 5234 1373 5296 omisso
1395 5229 1497 5318 aleph
1522 5232 1705 5316 quiescente
1734 5253 1792 5317 pro
1814 5236 1890 5303 titi-t
1915 5255 2000 5298 ιιιιιιι.
2023 5229 2153 5296 Heracl.

534 5355 567 5407 et
587 5338 687 5406 lubae
708 5342 785 5404 min·
828 5339 925 5426 Atqui
949 5359 1001 5411 uu
1023 5361 1069 5411 nu
1093 5346 1104 5428 1
1114 5353 1189 5414 utta
1213 5344 1290 5431 aas)
1312 5345 1422 5410 doner
1444 5353 1566 5432 sopitis
1588 5367 1616 5410 s.
1639 5347 1728 5412 locet
1751 5353 1873 5434 sopitis
1894 5345 2049 5422 alicuius,
2071 5341 2153 5408 nihil
