5004 6306
531 624 609 699 232
651 617 785 688 arnan
800 579 1047 686 sacunnus‘.
1075 613 1411 684 ruscaurtouas
1427 613 1710 682 caesareus.
1741 613 1888 682 carun
1903 613 2155 685 oc'ravuru.w

531 832 663 898 perraro
690 809 809 874 facturn
840 803 912 871 ess'e
942 807 1124 870 existimem
1148 802 1198 888 ⁴¹),
1228 805 1368 869 iudaeos
1390 801 1562 868 nonnullos
1584 806 1624 868 ad
1648 826 1740 870 sacra
1761 805 1959 891 Aegyptiace
1978 810 2157 888 transiisse,

531 949 608 990 narn
629 943 707 987 vero
728 917 834 985 similo
854 919 998 998 videtur,
1037 919 1196 983 eiusmodi
1222 915 1400 1003 proselytos
1429 933 1462 981 et
1491 917 1675 1004 transfugas
1696 916 1738 982 ah
1760 916 1949 1004 Aegyptiis,
1987 923 2159 1006 peregrina

532 1055 676 1126 quaeque
698 1045 847 1118 tauquam
870 1031 1006 1117 prolana
1028 1043 1060 1096 et
1081 1034 1208 1116 impura
1229 1029 1513 1095 reformidantibus
1535 1031 1574 1095 ad
1598 1033 1753 1096 interiora
1774 1035 1928 1114 mysteria
1950 1032 2095 1119 adeoque
2116 1033 2157 1097 ad

530 1148 744 1216 sacerdotium
772 1167 844 1238 essq
871 1144 1051 1210 admissosi
1089 1157 1123 1208 et
1150 1156 1260 1208 contra
1287 1143 1427 1208 Judaeos
1457 1165 1530 1207 cunr
1559 1141 1718 1230 religione
1741 1147 1839 1208 etiam
1861 1151 1993 1209 nomino
2016 1159 2157 1210 mutasse

532 1259 704 1350 (quicquid
737 1261 822 1324 enim
852 1261 966 1323 statuis
997 1259 1037 1321 de
1064 1258 1163 1341 patris
1189 1259 1321 1320 nomine
1346 1275 1447 1335 mna,
1483 1254 1572 1320 filiae
1594 1277 1712 1321 nornen
1735 1270 1804 1325 tran
1827 1259 2049 1342 aegyptiacum
2071 1261 2156 1340 est),

529 1373 672 1460 linguam
701 1392 779 1435 vero
810 1373 945 1456 patriam
972 1368 1166 1434 retinuissel
1205 1365 1395 1454 Quanquam
1418 1369 1451 1433 id
1473 1371 1518 1432 ita
1537 1367 1610 1433 fieri
1632 1377 1783 1454 potuisse
1804 1389 1869 1434 non
1892 1391 1994 1456 nego,
2028 1367 2157 1434 facilius

531 1500 618 1553 certe
650 1485 793 1559 videtur,
836 1482 951 1547 horum
985 1493 1263 1546 monumentorum
1296 1465 1452 1546 auctores¹
1473 1495 1614 1546 statuere
1644 1481 1792 1547 homines
1825 1479 1963 1568 gentiles
1997 1459 2157 1546 aramaice

529 1599 720 1686 loquentes,
749 1616 792 1661 ex
815 1593 1056 1662 Seleucidarrrm
1079 1595 1215 1680 imperio
1238 1595 1410 1674 oriundos,
1442 1616 1528 1658 nuuc
1550 1593 1689 1681 Aegypti
1707 1598 1811 1674 cives,
1833 1595 1916 1679 apud
1931 1596 2157 1681 quoadeorutu

531 1711 799 1800 Aegyptiacorum
820 1709 1055 1771 invocationem
1077 1719 1110 1769 et
1132 1706 1172 1770 ad
1194 1727 1286 1770 sacra
1302 1705 1500 1793 Aegyptiace
1521 1707 1748 1771 admissionem
1771 1729 1865 1771 uerno
1884 1705 2072 1785 mirabitur,
2103 1707 2158 1792 qui

482 1879 486 1896 .
531 1825 730 1900 meminerit,
761 1821 860 1905 Syros
882 1821 914 1884 in
937 1823 1009 1906 ipsa
1030 1841 1088 1884 sna
1107 1819 1210 1904 patria
1231 1817 1387 1898 Emesae‚
1411 1818 1580 1904 Palmyrae
1603 1833 1636 1883 et
1657 1817 1825 1906 Heliopcli
1848 1815 1956 1884 Solem
1980 1842 2006 1884 s.
2023 1815 2157 1882 Baalem

531 1942 595 2002 ritu
623 1933 675 1998 vel
705 1934 891 2020 aegyptiaco
920 1929 971 1994 vel
996 1931 1167 1996 admodum
1188 1929 1288 1995 simili
1312 1929 1469 2013 coluisse,
1506 1948 1538 1997 et
1556 1935 1590 1995 in
1614 1933 1800 1996 universum
1821 1933 1967 1996 intimam
1989 1952 2060 1996 esse
2081 1927 2158 1994 reli·

471 2043 479 2078 l
531 2053 663 2138 ςίοιιιιιιι
692 2045 955 2122 Phoeniciarum,
993 2043 1209 2127 Syrarumlet
1235 2042 1508 2130 Aegyptiacorum
1539 2045 1808 2136 necessitudinem
1837 2045 1888 2130 (p.
1913 2043 2005 2128 171).
2065 2041 2156 2120 Quae

532 2167 619 2228 enim
638 2159 679 2226 ad
693 2157 829 2243 ‘linguae
857 2155 1016 2221 hebraeae
1045 2154 1226 2242 analogiam
1249 2157 1405 2222 accedunt
1426 2157 1522 2223 huius
1545 2159 1647 2222 nostri
1669 2159 1869 2222 monumenti
1891 2157 2061 2236 idiomata,
2092 2177 2157 2220 non

531 2277 638 2342 rninus
661 2272 742 2338 bene
764 2267 920 2355 explicari
940 2282 1076 2354 possunt
1097 2271 1244 2332 oratione
1267 2268 1441 2352 Syrorum,
1464 2273 1518 2358 qui
1539 2273 1573 2334 in
1591 2273 1696 2356 patria
1709 2292 1768 2335 sua
1787 2268 2001 2334 Phoenicibus
2016 2269 2156 2356 undique

533 2390 629 2454 cincti
650 2387 817 2462 vixerunt,
841 2382 1152 2469 quamdudaeorum
1174 2379 1305 2467 linguae
1330 2396 1459 2448 sanctae
1480 2383 1600 2448 formas
1622 2381 1778 2468 profanae
1801 2381 2057 2448 admiscentiom.

661 2529 699 2595 ln
722 2537 836 2594 aetate
859 2526 944 2592 tituli
966 2524 1149 2591 definienda
1169 2527 1281 2592 itidem
1302 2528 1427 2593 Lancio
1440 2531 1599 2594 assentior
1619 2549 1650 2614 p.
1666 2535 1727 2613 ‚¹²4
1741 2549 1808 2614 sqq.
1831 2541 1943 2616 contm
1964 2526 2155 2612 Fabricynm

532 2644 724 2732 disputanti,
756 2643 810 2728 qui
832 2643 1007 2727 scripturae
1028 2661 1132 2726 genus
1154 2637 1364 2723 Palmyrenae
1383 2641 1527 2730 adeoque
1547 2643 1720 2728 quadratae
1735 2643 1910 2728 scripturae
1925 2638 2031 2706 simile
2046 2661 2158 2704 recea-

531 2763 649 2826 tiorem
680 2755 839 2843 quandam
869 2767 1006 2818 aetatem
1036 2772 1171 2839 arguere
1195 2767 1313 2820 censet.
1358 2751 1466 2820 Unum
1488 2756 1589 2832 addo,
1624 2766 1753 2840 propter
1773 2756 1877 2839 ipsum
1900 2751 1962 2818 hoc
1981 2755 2160 2838 scripturae

532 2892 635 2960 genus
662 2881 903 2934 monumentum
939 2879 1083 2931 nostrum
1105 2867 1233 2952 papyris
1255 2862 1471 2932 Blacassianis
1494 2879 1526 2930 et
1547 2865 1744 2930 Taurinensi
1771 2868 1941 2952 antiquius·
1960 2865 2157 2930 censendum

533 3006 605 3052 esse
635 2995 668 3046 et
688 2977 945 3044 Ptolemaeorum
967 2979 1035 3044 iere
1057 2980 1153 3042 aetati
1174 2975 1333 3042 adfinem
1358 2981 1505 3066 vergenti
1526 2979 1755 3064 assignandum
1779 2978 1890 3044 videri.

1273 3180 1418 3248 Lxxtl.

621 3331 622 3336 ’
658 3335 776 3421 Lepidi
792 3331 1091 3420 carpentoractensi
1104 3332 1302 3399 simillimum
1318 3347 1368 3399 est
1382 3333 1444 3398 hcc
1460 3305 1701 3400 monumentum
1719 3335 1893 3414 ineditum,
1916 3337 2001 3422 qnod
2016 3334 2156 3400 Londini

532 3456 566 3517 in
589 3452 710 3516 eximia
732 3469 839 3514 rerum
861 3449 1062 3533 antiquarum
1083 3444 1292 3527 collectione,
1320 3468 1401 3533 quae
1430 3445 1531 3532 penes
1550 3445 1749 3512 Rcoaasrusr
1767 3447 2011 3514 celeberrimum
2029 3456 2154 3534 poetam

533 3579 599 3645 est,
631 3559 733 3628 oculis
755 3562 917 3645 usurpavi.
960 3559 1091 3624 Emerat
1113 3557 1192 3623 illud
1215 3581 1381 3646 possessor
1402 3562 1435 3622 in
1460 3558 1589 3646 publica
1618 3562 1840 3647 antiquitatum
1870 3558 2085 3624 Saltianarum
2113 3579 2164 3623 ex.

520 3679 680 3764 ·Aegypto
696 3675 898 3738 adrectarum
913 3673 1110 3736 venditione.
1152 3671 1294 3738 Exhibet
1307 3676 1341 3736 in
1358 3675 1522 3758 superiore
1536 3686 1702 3758 segmento
1717 3695 1736 3738 a
1752 3673 1867 3738 dextra
1887 3670 2050 3738 Osiridem
2071 3669 2154 3736 solio

531 3781 724 3855 insidentem
747 3807 817 3850 curn
832 3782 962 3871 flagello
978 3796 1011 3847 et
1023 3782 1121 3866 litoo;
1144 3799 1217 3850 ante
1233 3806 1305 3850 eum
1319 3799 1370 3850 est
1384 3805 1496 3850 rnensa
1510 3787 1609 3849 variis
1623 3785 1705 3852 cibis
1722 3799 1853 3861 onusta;
1877 3803 1904 3850 ‘a
1919 3789 2052 3850 sinistra
2067 3799 2154 3871 parte
2224 3831 2226 3836 -

532 3907 640 3989 imago
661 3901 724 3964 riri
745 3901 843 3977 nudi,
877 3894 1078 3983 subligaculo
1101 3899 1219 3978 cincti,
1252 3899 1343 3964 cuius
1367 3912 1460 3982 caput
1481 3898 1605 3962 casside
1627 3911 1755 3963 tectum.
1806 3896 1859 3962 Ab
1881 3902 2042 3963 anteriore
2063 3911 2154 3983 parte

533 4015 668 4080 cassidis
689 4025 739 4076 est
760 4032 891 4096 serpens
914 4012 1022 4096 regiae
1040 4001 1205 4095 dignitatis
1224 4013 1334 4076 index.
1377 4009 1501 4074 Dextra
1523 4031 1620 4096 manu
1641 4010 1791 4097 patellam
1821 4011 1931 4076 oil'ert:
1967 4033 2063 4097 super
2093 4032 2156 4098 qna

534 4148 555 4190 a
574 4129 707 4212 regione
730 4123 864 4188 cassidis
888 4122 1003 4211 legitur
1025 4124 1192 4208 inscriptio
1215 4123 1279 4188 tab.
1294 4127 1336 4187 29
1355 4143 1375 4184 a
1390 4121 1490 4186 nobis·
1506 4121 1663 4203 exhibita,
1687 4139 1720 4189 ct
1741 4122 1830 4189 nullo
1854 4125 1986 4213 negotio
2000 4122 2152 4210 legenda:

1277 4277 1427 4374 rocco,

616 4429 620 4438 '
658 4424 697 4491 In
725 4424 878 4489 inferiore
909 4437 1075 4512 segmento
1096 4437 1355 4510 repraesentatur
1376 4425 1511 4489 cadaver
1533 4425 1643 4491 lesciis
1664 4425 1845 4494 involutum
1866 4432 1901 4492 in
1923 4449 2034 4494 mensa
2050 4427 2155 4494 leonis
2223 4489 2228 4502 ,

531 4543 668 4607 sormam
696 4538 851 4603 habente:
887 4539 972 4603 inira
1000 4537 1084 4602 hanc
1113 4550 1262 4624 quattuor
1292 4539 1382 4602 urcei
1412 4537 1570 4624 operculis
1604 4541 1699 4618 tecti,
1731 4561 1866 4626 quornm
1896 4543 1958 4606 tria
1979 4541 2154 4608 bestiarum
2231 4523 2234 4539 ¹

532 4657 654 4742 capita,
688 4657 788 4717 unum
809 4650 951 4716 hominis
973 4665 1067 4738 ceput
1087 4651 1239 4716 referunt.

584 4941 609 5010 ⁸)
630 4943 745 4998 Unimrm
763 4941 821 4997 eiua
838 4941 879 4995 rei
903 4940 1087 4996 testimonium
1112 4949 1153 4994 est
1176 4939 1206 4994 in
1228 4939 1311 4993 tertio
1377 4956 1444 5014 rega
1464 4942 1630 4996 concedente
1647 4939 1848 5010 apcpniaribus
1860 4937 2037 5012 irreligionis
2052 4943 2155 5011 patriae

533 5041 758 5094 Maccahaeorum
773 5039 844 5092 libro
865 5039 919 5107 (ll,
931 5039 998 5106 30),
1023 5038 1070 5091 ubi
1085 5045 1222 5105 humatur,
1239 5039 1311 5090 mul·
1378 5035 1435 5092 fite
1463 5037 1681 5106 permanentibus
1702 5037 1809 5106 punitos
1835 5043 1862 5090 et
1886 5037 2001 5091 subinde
2021 5037 2155 5108 supplicio

533 5146 576 5190 tos
608 5137 726 5190 Judaeos
758 5135 909 5205 Aegyptios
938 5129 1052 5190 iubente
1080 5135 1236 5189 Ptolemaeo
1260 5135 1310 5190 lv.
1380 5133 1489 5188 affectos
1507 5149 1577 5187 esre.
1611 5133 1649 5188 At
1666 5149 1745 5204 mern
1760 5133 1879 5187 sublesta
1897 5133 2023 5188 sithnius'
2039 5135 2101 5190 libri
2118 5153 2154 5190 ne

533 5233 706 5301 Philopatore
724 5233 756 5286 ad
771 5249 846 5286 secra
859 5231 1024 5302 Dionysiaca
1041 5231 1210 5299 (Dionysius
1222 5240 1312 5287 autern
1379 5233 1498 5300 Jcsepbo
1510 5230 1618 5300 qnidam
1631 5230 1731 5304 ccgniti
1744 5231 1827 5301 fider,
1845 5231 1917 5288 inter
1928 5249 2024 5288 omnes
2039 5241 2152 5289 constat.

534 5328 621 5385 Osiris
635 5326 708 5394 erat)
726 5327 825 5382 initiari
840 5343 973 5397 separans
986 5345 1055 5396 esse,
1071 5329 1121 5384 sed
1137 5343 1203 5382 mox
1215 5329 1312 5384 eodem
