5016 6294
529 601 604 677 tot
652 599 784 667 arnan
797 597 1042 667 succubus,
1074 551 1411 664 maonrrmonas
1427 593 1709 664 naonnrcrna.
1738 596 1886 666 carun
1902 597 2126 683 purarum.

531 791 753 876 inscriptionis
773 787 889 854 multas
909 788 1031 852 formas
1051 788 1229 852 aramaieas
1250 788 1408 866 admittit,
1440 801 1476 852 ot
1497 809 1516 856 a
1538 801 1684 874 proptor,
1712 803 1783 856 nau
1803 809 1862 873 pro
1884 793 1987 878 titum
2010 804 2151 857 mustum

533 904 652 990 (idque
675 925 730 989 pro
746 905 855 985 uuis),
878 903 971 972 roban
987 921 1044 986 pro
1061 900 1153 997 rt'ptptp
1170 897 1358 980 dementia,
1378 921 1624 987 sermonemque
1638 899 1846 986 phoenicium
1859 903 1900 968 ad
1913 902 2150 971 Aramaismum

534 1030 566 1080 et
595 1014 799 1114 Arabismnm
827 1017 861 1079 in
883 1012 1049 1100 permultis
1071 1011 1241 1078 deflectere
1262 1016 1379 1078 iterum
1400 1016 1577 1101 iterumque
1599 1013 1748 1080 inculcat.

1216 1123 1282 1198 No.
1303 1127 1346 1192 11.

930 1243 998 1311 aba
1024 1239 1186 1327 (Datami)
1361 1238 1525 1305 Dominae
1547 1248 1681 1305 noricae
1708 1239 1846 1306 Thalam

827 1419 828 1425 ,
869 1372 916 1422 aa
938 1357 999 1425 555
1021 1353 1185 1442 (vunnim)
1358 1351 1490 1417 ethere
1513 1362 1624 1418 nostro
1646 1353 1773 1418 domino
1801 1353 1950 1421 Tamaros

877 1484 950 1536 matt
972 1483 1053 1536 ’1551
1075 1467 1183 1551 abab)
1363 1464 1506 1544 Tholod,
1530 1473 1589 1552 qur·
1609 1469 1731 1532 colitur
1751 1466 1902 1532 hocloco

848 1597 890 1648 ³:
914 1603 984 1650 nun
1008 1581 1186 1664 avanano)
1354 1587 1495 1664 propter
1516 1585 1691 1643 rectionem
1712 1600 1847 1645 onomat

995 1713 1103 1780 tonna
1125 1696 1186 1786 ππ)
1276 1723 1288 1746 ι
1359 1698 1395 1755 t'a
1417 1712 1500 1777 agro
1522 1689 1594 1780 (i),
1624 1697 1683 1777 qui
1702 1691 1756 1756 bic
1776 1693 1878 1780 (est).

660 1816 746 1888 tuum
776 1808 929 1892 accipitur
959 1831 1015 1894 pro
1048 1807 1203 1874 chaldaeo
1230 1824 1292 1902 1⁷³²?
1321 1807 1344 1869 i.
1367 1827 1395 1890 q.
1425 1811 1473 1898 bt}
1500 1803 1564 1880 ibi;
1600 1827 1660 1890 pro
1690 1823 1814 1875 norat:
1844 1808 2008 1892 reponitur
2038 1809 2153 1894 (qnasi

531 1917 677 1980 statuarii
709 1920 821 1982 vitium
848 1921 910 2005 sit)
942 1940 1085 2001 natata,
1123 1920 1242 1986 Deletb
1281 1919 1332 1984 bis
1360 1920 1487 2004 posito,
1527 1931 1688 2003 tamquam
1717 1922 1752 1984 iu
1780 1921 1885 1986 sonna
1912 1918 2032 1985 Pitiiica
2064 1923 2150 2008 (imo

531 2024 704 2112 Pileliea);
743 2047 821 2121 rm:
846 2035 1014 2100 coniicitur
1037 2037 1187 2122 scriptum
1209 2055 1282 2098 esse
1306 2054 1364 2118 pro
1388 2049 1467 2119 tau:
1489 2035 1524 2096 iu
1545 2051 1637 2118 agro.

1223 2144 1286 2212 No.
1321 2144 1346 2210 Ι.
1589 2139 1594 2146 ’

604 2258 815 2343 :trombi
842 2261 941 2327 ....5
954 2304 1399 2326 ..............
1425 2266 1459 2322 et
1482 2256 1560 2324 tero
1581 2265 1693 2322 nostro

534 2381 569 2455 J:
591 2383 728 2453 proruat
750 2374 815 2443 abu
938 2375 1007 2444 bun
1034 2374 1111 2456 [ba]
1286 2373 1414 2437 domino
1435 2372 1628 2436 clementiae
1648 2369 1789 2450 Tholod,
1815 2367 2068 2436 Edoni-Monens·
2077 2369 2156 2450 fito·

786 2487 1109 2574 555555155111111
1282 2482 1460 2550 Humitbul
1469 2483 1549 2562 filit·
1568 2481 1765 2548 Ebedboalt'.

1223 2595 1286 2663 No.
1310 2597 1352 2664 V.

822 2713 911 2798 (7)bn
933 2714 1026 2785 abun
1051 2715 1175 2797 [5555]
1351 2709 1493 2776 Domino
1516 2711 1709 2776 clementiae
1736 2707 1861 2776 tholad

893 2829 1032 2898 155555
1056 2870 1174 2894 ......
1434 2823 1562 2888 domino
1587 2821 1738 2888 Gabalue
1759 2823 1813 2908 (1)

955 2943 1020 3010 ab:

661 3043 753 3120 Quae
785 3071 965 3136 quanquam
994 3072 1098 3139 neque
1120 3051 1279 3115 sermonis
1307 3047 1468 3134 phoenicii
1497 3052 1540 3133 (i.
1562 3070 1591 3115 e.
1614 3047 1767 3132 hebraei)
1789 3047 2020 3126 concinnitate,
2049 3067 2152 3134 neque

532 3170 607 3241 apta
635 3162 796 3224 sententia
825 3166 1143 3241 commendarentur,
1180 3184 1200 3224 a
1229 3160 1338 3228 multis
1366 3176 1472 3228 tamen
1501 3163 1650 3247 adoptata
1681 3175 1772 3240 sunt,
1807 3181 1905 3246 qnam
1936 3159 1976 3224 da
2003 3159 2152 3225 editionis

532 3269 715 3356 integritate
748 3280 898 3358 perpauci
931 3277 1130 3353 dubitare'nt,
1168 3277 1336 3361 panciores
1366 3278 1462 3338 etiam
1487 3276 1528 3338 ad
1556 3273 1680 3359 lapides
1710 3275 1798 3358 ipsos
1826 3273 1948 3337 aditum
1980 3257 2171 3352 baberent,

533 3379 655 3467 Koppii
689 3397 795 3448 eutem
830 3387 870 3450 de
900 3386 952 3452 bis
981 3385 1142 3472 lapidibus
1172 3388 1375 3450 coniecturae
1401 3386 1447 3448 ita
1477 3399 1679 3470 comparatae
1708 3399 1817 3448 essent
1847 3397 1882 3448 ut
1909 3384 1971 3448 boc
1997 3387 2067 3450 viro
2097 3388 2152 3452 vix

533 3495 649 3580 dignae
684 3495 724 3559 ab
754 3497 941 3564 Hamakero
973 3498 1060 3564 incili
1097 3501 1226 3586 negotio
1260 3496 1509 3584 exploderentur
1544 3497 1597 3585 (v.
1636 3496 1675 3561 U.
1705 3491 1747 3560 F.
1775 3495 1878 3584 [sopp
1905 3495 2153 3586 Benerktmgea

534 3605 615 3672 tiber
644 3615 757 3695 eint'ge
786 3612 947 3697 puns'rcbe
981 3597 1242 3692 Steinmbrfflen
1278 3633 1338 3676 otro
1368 3609 1561 3696 Karthago.
1612 3607 1828 3696 Abgedruckt
1858 3630 1919 3674 otro
1949 3611 2020 3675 dest
2055 3617 2153 3678 iiten

532 3717 731 3808 Jotrgange
752 3724 812 3788 der
825 3725 1069 3814 Heidelbergcr
1085 3723 1293 3790 Jatrbocter
1314 3723 1374 3790 der
1387 3723 1575 3788 Literuttrr.
1604 3720 1759 3787 Heidelb.
1774 3728 1868 3786 1824.
1911 3719 1961 3787 Cf.
1975 3721 2154 3814 Homekeri

529 3834 625 3918 epist.
647 3836 688 3900 ad
711 3835 934 3918 Rocbettinm,
958 3838 1075 3924 extr.)
1118 3836 1191 3902 Dea
1212 3833 1355 3914 Thoiath
1378 3838 1476 3922 igitur
1498 3838 1532 3899 in
1554 3833 1655 3899 libros
1674 3832 1908 3920 mythologicos
1926 3838 2025 3922 recipi
2040 3839 2153 3924 eoepit,

531 3960 605 4009 eta
628 3950 771 4033 meipso
794 3953 826 4013 in
852 3950 1015 4018 Pantheon
1038 3953 1187 4038 punicum
1218 3947 1319 4012 relata
1341 3960 1391 4014 est
1426 3951 1477 4028 (v.
1508 3969 1589 4034 quae
1611 3949 1650 4012 de
1671 3945 1829 4034 religione
1852 3963 1995 4012 veterum
2018 3945 2153 4016 Cartha·

531 4061 714 4144 giueusium
744 4063 904 4148 disputavi
934 4067 968 4128 in
997 4063 1099 4129 Erseb
1130 4064 1195 4128 und
1218 4060 1345 4126 Gruber
1366 4058 1537 4146 Enoyolop.
1562 4057 1603 4125 Τ.
1627 4059 1716 4125 XXI
1736 4083 1767 4146 p.
1789 4067 1871 4145 97);
1905 4083 2001 4148 quum
2024 4083 2089 4126 non
2111 4084 2152 4128 oo

531 4173 736 4257 procederem
755 4178 968 4260 scepticismi,
998 4191 1034 4240 nt
1055 4177 1094 4240 de
1114 4178 1226 4261 primis
1245 4173 1387 4260 lapidum
1409 4173 1717 4240 Humbertionorum
1741 4171 1889 4239 formulis
1909 4172 1949 4238 ab
1966 4171 2153 4241 Hamairero

531 4297 618 4348 reete
629 4283 720 4350 lectis
735 4286 925 4352 dubitarem.
956 4288 1111 4354 Dubitari
1126 4302 1232 4354 tamen
1245 4289 1285 4353 de
1301 4285 1434 4374 reliquis
1451 4300 1484 4352 et
1498 4289 1715 4352 coniecturam
1727 4309 1830 4352 meam
1848 4290 1940 4374 quasi
1955 4290 2152 4374 praeteriens

530 4401 684 4484 proposui
701 4405 737 4463 r'tt
756 4397 893 4484 Epicur.
916 4403 983 4466 litt.
1005 4403 1085 4468 Hal.
1105 4407 1187 4467 1816
1210 4423 1261 4466 no.
1282 4408 1360 4480 111,
1384 4399 1512 4466 brevius
1529 4399 1625 4486 paulo
1638 4414 1710 4486 port
1722 4403 1757 4465 iu
1766 4399 1878 4487 praefi
1896 4397 2150 4468 arthemiam.

530 4519 634 4578 minue
656 4512 707 4576 ed.
722 4517 741 4576 3
759 4535 833 4599 pag.
848 4513 965 4581 XXX.
1008 4514 1045 4580 ln
1068 4519 1164 4583 inser.
1185 4514 1231 4580 111
1251 4516 1327 4580 inde
1351 4535 1371 4578 a
1391 4511 1457 4578 fine
1480 4512 1587 4578 lineae
1607 4513 1767 4579 secundae
1787 4511 1961 4600 legendum
1981 4517 2086 4581 anani:

949 4632 1103 4717 apinam
1126 4645 1161 4716 p:
1187 4675 1301 4694 ......
1312 4647 1326 4695 a
1349 4647 1408 4699 mr
1430 4645 1481 4695 uu
1504 4670 1513 4690 .
1537 4643 1601 4718 pau
1628 4628 1708 4699 ’arob

613 4737 718 4803 Bauli
737 4738 941 4806 Hammonem
964 4743 1005 4828 (i.
1021 4764 1049 4806 e.
1072 4738 1208 4824 Solari).
1259 4741 1319 4807 Vir
1332 4761 1452 4808 ooocnr
1473 4740 1615 4826 (est)G
1616 4782 1720 4806 ......
1732 4737 1834 4816 filies
1847 4733 2059 4804 Atinatem·

529 4872 553 4914 s
583 4849 738 4917 Heraclii.
789 4850 827 4916 ln
858 4855 954 4918 inser.
984 4853 1029 4920 11:
1059 4870 1214 4941 nouerca
1242 4899 1376 4921 ......
1410 4871 1445 4942 p:
1477 4869 1632 4944 tamarae
1663 4871 1721 4924 aaa
1750 4869 1801 4919 nu
1827 4897 1834 4912 .
1860 4865 1923 4939 porr
1947 4851 2027 4920 52³5
2048 4849 2155 4920 Bauli

530 4962 703 5028 Horonon.
752 4965 811 5030 Vir
829 4985 952 5032 oooenr
974 4981 1022 5032 est
1044 4967 1231 5034 Abdemrm
1251 4967 1352 5046 filies
1373 5013 1450 5032 .....
1474 4967 1672 5036 Abderam.
1715 4963 1751 5028 ln
1776 4961 1884 5048 lapido
1914 4964 2019 5049 primo
2040 4962 2098 5031 lin.
2119 4975 2150 5034 2.

530 5077 660 5144 iberae
689 5097 745 5146 'aar
777 5096 828 5147 ott
865 5096 940 5169 tum.
992 5080 1084 5146 Duas
1113 5085 1253 5148 maxime
1288 5103 1341 5146 res
1372 5079 1536 5167 urgebam.
1592 5077 1641 5143 Ac
1674 5079 1831 5164 primum,
1867 5097 1930 5140 nou
1968 5078 2061 5148 teburr
2088 5081 2154 5174 555,

389 5199 392 5206 ’
530 5181 702 5273 legendum
730 5193 825 5277 idque
852 5215 908 5277 pro
942 5195 1085 5281 epitheto
1115 5197 1254 5262 numinis
1283 5193 1417 5260 masculi
1446 5191 1556 5257 ficticii
1584 5175 1647 5262 rin
1678 5189 1860 5254 babendum
1889 5209 1979 5268 esse,
2016 5193 2073 5258 sed
2106 5213 2148 5258 ex

531 5305 720 5366 auctoritate
748 5303 971 5374 delineationir
998 5308 1252 5374 Humbertianae
1275 5325 1358 5404 paq,
1390 5325 1453 5403 popm
1473 5308 1536 5392 bega
1567 5319 1673 5372 autem
1703 5323 1776 5368 essa
1799 5299 1931 5368 Bnalem
1956 5302 2100 5371 Solonem
2120 5328 2147 5371 s.
