5044 6298
860 563 1059 637 craesus
1082 535 1279 634 rsuouss
1301 563 1361 634 ur
1381 563 1602 638 nrsrouu.

1147 749 1151 765 .
1181 756 1211 832 ι
1242 762 1274 822 4·
1372 773 1376 780 ⁵

697 889 863 954 Postea
896 889 1052 977 ls'sgrtn
1082 891 1186 976 prn'd
1219 887 1415 969 disseret
1446 911 1468 954 a
1494 887 1763 956 Ptoesrcrat

477 1084 481 1092 ·
543 1066 572 1122 1.
617 1058 795 1144 Lingunma
806 1058 958 1132 Punicam
991 1061 1025 1123 iu
1045 1059 1157 1124 Africa
1182 1058 1315 1146 aliisque
1340 1057 1641 1146 Carthaginensium
1665 1062 1697 1124 iu
1722 1059 1897 1146 Hispania,
1928 1059 2039 1127 Sicilia

414 1167 472 1236 rel.
502 1168 638 1236 coloniis
673 1173 821 1236 usitatam
851 1193 871 1236 a
900 1170 1011 1258 lingua
1039 1170 1215 1235 Phoeniciu
1245 1175 1372 1259 proprio
1402 1174 1504 1252 dicta,
1544 1195 1605 1258 qua
1626 1171 1803 1238 Phoenices
1826 1187 1892 1238 tum
1913 1178 1945 1239 in
1969 1179 2038 1262 ipsa

413 1285 517 1372 petria
544 1273 610 1382 tum
641 1287 675 1347 iu
708 1281 843 1348 coloniis
879 1285 1068 1364 utebantur,
1104 1287 1264 1352 diversam
1301 1285 1418 1364 fuisse,
1463 1283 1558 1371 vulgo
1587 1279 1714 1374 recepta
1748 1300 1797 1351 est
1828 1283 2037 1376 plurimorum

412 1400 605 1482 scriptorum
636 1398 744 1482 opinio
774 1401 869 1462 etism
899 1412 993 1484 etque
1027 1399 1123 1460 etiarn
1147 1400 1263 1462 iactata
1286 1413 1317 1462 et
1339 1419 1439 1484 paene
1463 1401 1495 1460 in
1519 1395 1688 1464 ridiculum
1710 1414 1803 1462 sucta
1826 1397 1866 1463 ab
1889 1401 1948 1482 iis,
1984 1405 2037 1488 qui

412 1511 445 1572 in
471 1507 539 1574 hoc
568 1509 747 1574 studiorum
768 1532 886 1600 genere
908 1509 1050 1596 hospites
1072 1531 1114 1574 ex
1137 1509 1206 1578 sola
1228 1514 1429 1575 coniecturae
1453 1509 1679 1600 probabilitate
1702 1512 1886 1576 iudicabant
1906 1514 1946 1598 *).
1991 1511 2036 1578 Ut

413 1621 535 1702 dicem,
567 1623 653 1708 qood
674 1645 726 1687 res
748 1638 814 1704 est,
845 1622 925 1687 nihil
948 1645 1025 1687 sane
1048 1621 1233 1688 credibilius
1256 1639 1321 1704 est,
1361 1646 1454 1710 quem
1478 1623 1578 1688 fuisse
1601 1621 1740 1708 aliquam
1763 1628 1923 1689 sermonis
1946 1623 2037 1690 difie-
2136 1637 2141 1642 '

410 1737 547 1800 rentiam
568 1738 601 1800 in
631 1735 817 1822 regionibus
849 1759 869 1800 u
897 1737 1000 1822 patrie
1030 1750 1094 1802 tem
1116 1735 1376 1823 louge'dissitis:
1410 1728 1536 1800 et'non
1565 1739 1611 1804 its
1642 1757 1790 1823 maguam
1820 1736 1921 1802 fuisse
1953 1736 2035 1803 hanc

340 1843 346 1848 ’
412 1839 614 1927 varietatem,
650 1850 725 1912 iude
756 1847 864 1936 colligi
887 1863 1008 1936 potest,
1049 1851 1132 1946 quod
1157 1851 1188 1914 in
1213 1851 1428 1914 monumentis
1449 1847 1561 1913 saltem
1586 1848 1680 1912 hodie
1704 1849 1926 1944 superstitibus
1949 1867 2035 1916 certa

410 1963 479 2026 eius
502 1963 637 2048 vestigia
658 1961 777 2028 frustra
798 1978 1001 2050 quaeruntur.
1041 1963 1169 2028 Etenim
1185 1977 1394 2028 monumenta
1417 1964 1779 2048 semnion-aegyptiaca
1803 1959 1882 2042 (lib.
1900 1961 1940 2042 ll,
1958 1985 1985 2029 c.
2001 1969 2035 2046 8)

410 2076 442 2138 ἰιι
473 2074 558 2138 hunc
590 2095 721 2139 censum
756 2095 819 2138 uon
852 2079 980 2156 venire,
1015 2075 1142 2162 saepius
1164 2077 1227 2138 iam
1254 2073 1457 2138 observatum
1481 2089 1547 2150 est,
1577 2087 1625 2152 et,
1663 2075 1748 2162 quod
1774 2072 1974 2160 Adeluugius
2000 2079 2033 2142 iu

408 2189 509 2274 ipsius
538 2185 731 2250 Phoeniciae
761 2190 891 2276 proprie
914 2189 1016 2252 dictae
1040 2190 1144 2252 nunris
1168 2189 1246 2252 dues
1270 2184 1425 2251 dialectos
1450 2183 1514 2250 sibi
1536 2188 1698 2250 invenisse
1721 2190 1808 2250 visus
1834 2202 1883 2252 est
1905 2189 1964 2272 **),
2000 2190 2033 2254 id

409 2311 531 2365 tautum
555 2321 618 2364 uon
642 2302 844 2388 nugatorium
869 2315 933 2366 est:
963 2304 995 2364 iu
1018 2303 1141 2368 cunctis
1163 2315 1270 2364 autern
1291 2302 1451 2364 variarum
1474 2302 1643 2385 regionum
1666 2302 1882 2365 monumentis
1904 2281 2032 2390 linguas

407 2415 627 2498 sermonisque
641 2415 765 2498 species
781 2431 812 2476 et
826 2412 914 2478 color
927 2415 1058 2478 omnino
1075 2415 1159 2478 idem
1177 2427 1236 2478 est.
1266 2411 1302 2476 lu
1321 2434 1385 2476 une
1407 2414 1670 2500 pronunciatione
1683 2414 1766 2475 iuter
1782 2410 1978 2478 Phoenicum
2001 2429 2033 2478 et

410 2523 589 2589 Poenorum
608 2525 663 2610 m)
687 2524 855 2590 dialectum
872 2525 1270 2614 eliquantuminterluisse
1285 2526 1427 2590 ridetur:
1450 2529 1520 2589 eius
1537 2537 1622 2588 certe
1637 2523 1869 2610 pronunciandi
1885 2528 2031 2604 rationis,

407 2770 541 2836 perioches
564 2771 691 2822 Mundum
714 2772 745 2819 ist
776 2770 831 2820 eine
848 2767 984 2831 Mitchuag
1002 2763 1182 2828 asriccuischer

407 2866 459 2915 und
488 2866 625 2916 rdmr'scher
659 2870 761 2918 Wo'rter
794 2865 846 2916 und
873 2865 1022 2914 Ausdriicltr
1050 2867 1094 2914 mit
1124 2864 1182 2914 dcbt

406 2964 618 3016 Khuacnin'soheu
635 2981 667 3012 zu
687 2963 788 3012 cuchen.
823 2962 874 3012 Die
898 2961 1083 3011 hirnumntiscbe
1108 2961 1181 3012 nnbm

402 3057 480 3124 snibe
500 3060 565 3110 nicht
582 3075 629 3110 unt
648 3057 818 3121 urnmditebe,
835 3058 942 3108 scudem
962 3057 1096 3124 pertinent,
1114 3061 1181 3122 grie·

407 3157 503 3208 abnuite
530 3156 581 3206 uad
609 3155 702 3205 eadm
730 3151 832 3216 sremde
857 3153 1044 3204 Bestuudtbeiie
1073 3156 1098 3204 its
1129 3154 1182 3206 sich

406 3251 459 3314 uns
470 3285 528 3306 ..·.
562 3255 619 3304 Dos
641 3251 704 3304 Jocit
728 3251 774 3300 der
799 3249 920 3302 Griecbea
946 3253 1124 3300 uerusuuttete
1140 3251 1182 3302 die

406 3353 532 3403 Muadnrt
557 3347 636 3400 durch
668 3343 873 3410 ausgrdrungene
903 3346 1066 3410 Grri'cr'rmea,
1099 3364 1123 3396 z.
1145 3349 1180 3398 B.

407 3449 571 3522 crucum
589 3462 751 3516 sparum,
780 3429 859 3498 nir:
876 3442 981 3517 pactu,
1000 3445 1066 3496 nur
1087 3441 1181 3514 δημω.

406 3553 456 3602 nte
479 3551 541 3600 noch
566 3550 666 3611 nerigean
690 3549 804 3598 Miianen
829 3545 881 3596 sad
904 3545 1045 3596 neaeman
1073 3547 1197 3596 minen·

403 3647 585 3712 grdssteuther'ls
613 3661 661 3696 eon
689 3642 832 3696 Griechr'sch
860 3641 912 3693 enti
937 3641 1081 3692 Lateiut'tch
1105 3657 1130 3692 z.
1148 3644 1182 3695 B·

404 3733 495 3820 subp
517 3745 641 3800 colonio“
668 3743 764 3814 Partim
783 3744 924 3796 deterunt
942 3741 1181 3804 etcommeuticio,

391 3845 497 3915 partim
523 3843 585 3896 inde
608 3841 700 3908 dircts,
728 3842 800 3909 quod
818 3841 863 3894 hic
881 3847 977 3894 auctor
992 3839 1182 3910 inscriptiones

401 3943 575 4010 Palmyrenos
593 3955 653 3992 curn
672 3937 828 3992 Phoeniciis
846 3933 996 3990 contundit.

455 4038 482 4104 *)
503 4036 559 4092 lam
581 4035 693 4088 Hieron.
712 4034 796 4101 praei.
818 4034 851 4086 sd
870 4033 915 4086 lib.
936 4038 952 4086 2
971 4032 1049 4104 epist.
1068 4033 1101 4085 nd
1121 4033 1180 4086 Gal.

403 4137 490 4192 Unuur
508 4143 549 4190 est
568 4133 640 4202 (prod
658 4130 799 4184 inferimus
818 4165 977 4184 ..........
999 4147 1051 4186 nec
1066 4131 1181 4196 referre,

402 4235 424 4286 si
444 4234 533 4301 eliqua
549 4229 648 4284 exinde
663 4225 848 4296 corruperint,
867 4243 948 4294 quum
966 4235 992 4280 et
1012 4225 1075 4280 Afri
1091 4228 1181 4280 Phoe-

402 4329 492 4383 uicum
517 4329 635 4400 liugnam
660 4325 790 4378 nonnulle
816 4339 852 4379 ex
876 4331 950 4390 parte
968 4323 1130 4378 mutaverint
1153 4331 1180 4375 et

402 4426 459 4490 ipsa
483 4425 613 4478 Latinitas
641 4431 668 4476 et
695 4419 851 4494 regionibus
877 4417 998 4487 qnotidie
1018 4427 1136 4472 mutetur
1153 4427 1180 4472 et

402 4531 531 4591 tempore.
543 4547 576 4558 -
597 4521 654 4574 Nec
671 4517 749 4572 aliter
765 4516 905 4572 heinesius
921 4517 954 4568 de
973 4517 1063 4588 lingua
1076 4515 1180 4570 Phaine

403 4619 437 4686 V,
458 4625 487 4671 t:
515 4617 613 4686 „Fieri
634 4629 690 4671 uon
707 4617 813 4686 potuit,
847 4615 913 4686 quin
933 4613 1044 4682 perinde
1063 4621 1093 4664 nt
1112 4611 1179 4664 aliae

401 4715 509 4787 baguae
535 4725 562 4768 et
590 4713 648 4782 ipss
665 4703 811 4768 Phoenicia
829 4711 958 4779 temperis
974 4710 1089 4761 denrrsu
1107 4707 1179 4760 iuiu-

402 4811 494 4878 rinque
520 4819 547 4864 et
572 4811 645 4880 quod
669 4812 739 4880 apud
767 4808 832 4863 olins
858 4815 951 4878 gentes
978 4803 1180 4875 negotiarentur

402 4905 500 4972 Poeni,
530 4915 558 4959 et
584 4909 655 4976 quod
683 4907 804 4960 advenae
828 4912 919 4956 essent
946 4901 1017 4954 inter
1039 4900 1179 4972 indigem

402 5003 505 5067 nrm,
530 5001 630 5071 aliquid
656 5003 737 5057 ntieui
758 5001 929 5056 contraheret
953 5005 980 5050 et
1002 4995 1139 5064 peullarius
1162 5010 1179 5047 ι

402 5100 478 5152 ionts
502 5113 552 5150 sno
578 5099 789 5168 degeneraret.⁸‘
837 5097 893 5152 Sed
923 5109 1033 5165 prorsus
1061 5093 1123 5146 ficte
1152 5101 1180 5146 et

328 5171 333 5180 ι
402 5192 589 5249 commenticia
621 5205 682 5248 suut
708 5198 776 5249 hnec
799 5193 903 5248 thlii
934 5193 1018 5259 (1.0-
1043 5205 1070 5256 p·
1087 5187 1178 5251 «idib

402 5297 485 5358 „Bey
512 5292 569 5341 dem
601 5295 795 5355 ousgebret'tetes
820 5293 939 5357 flandri,
974 5290 1021 5339 «ten
1050 5287 1180 5337 mentirer

1251 2765 1360 2830 trieben,
1399 2766 1444 2830 bey
1480 2765 1549 2814 ihren
1582 2767 1667 2816 immor
1699 2767 1854 2818 zattreieter
1881 2769 2027 2818 werdardes

1250 2864 1372 2914 Koioaieu
1397 2863 1449 2912 uad
1475 2861 1680 2927 Pfluazstd'dtm,
1708 2863 1797 2912 lunate
1814 2862 1866 2913 rich
1882 2864 1924 2914 die
1940 2863 2028 2930 philai-

1250 2959 1332 3009 lrische
1350 2958 1463 3024 Sprucbe
1474 2954 1523 3020 frit
1534 2959 1668 3022 Aburinug
1686 2959 1710 3007 irs
1726 2964 1839 3022 grb'ssere
1856 2960 1908 3009 uad
1922 2961 2029 3010 lteram

1249 3056 1407 3108 Muudortetr
1421 3055 1488 3106 nicht
1505 3055 1631 3106 orbitarn.
1667 3055 1800 3106 Sidouiteb
1815 3056 1868 3106 trad
1880 3056 2027 3120 numne,
2112 3059 2117 3066 '

1252 3152 1366 3217 Tyn‘srh
1372 3151 1511 3202 uerteret
1520 3151 1571 3202 uad
1580 3151 1702 3216 citerioris,
1708 3153 1863 3215 Jebrrtri't'oeh,
1869 3135 2033 3218 Auernus:

1252 3248 1424 3312 Gergeer'iisclt,
1431 3247 1584 3299 Hhetcditch
1592 3248 1653 3298 oder
1663 3247 1789 3300 meeum
1803 3243 1835 3314 [i
1844 3248 1851 3298 i
1860 3245 1888 3315 l,
1903 3250 2026 3316 Sisenes,

1250 3345 1379 3396 Arnditcb
1387 3359 1440 3396 ter.
1448 3362 1479 3396 w·
1487 3346 1544 3396 siud
1552 3348 1603 3394 olle
1610 3361 1658 3395 nus
1667 3346 1787 3396 damner
1798 3345 1865 3394 metr
1876 3347 1927 3396 und
1934 3349 2028 3397 miader

1233 3465 1237 3474 «
1251 3441 1550 3503 obreeicbeudeDiuteirte
1562 3457 1684 3504 gerrem.
1705 3442 1757 3491 Dic
1767 3441 1900 3492 Pbdrrilrr'er
1911 3444 2026 3496 eniterer:

1250 3535 1304 3586 sich
1320 3535 1399 3586 durch
1414 3535 1483 3586 ibren
1499 3537 1604 3588 Hordei
1621 3535 1714 3586 scitscit
1734 3536 1786 3586 uad
1802 3539 1860 3588 weit
1877 3555 1925 3588 nur
1941 3569 2025 3592 .....

1250 3633 1302 3682 uad
1325 3649 1364 3684 ruo
1390 3633 1429 3684 rie
1457 3632 1510 3682 rich
1538 3633 1728 3696 medendam,
1761 3633 1878 3682 tractum
1909 3636 1945 3682 rie
1974 3633 2027 3684 ihre

1251 3728 1365 3793 Sprocbe
1379 3705 1445 3778 mit·
1467 3731 1582 3780 Hieratis
1599 3729 1663 3778 wird
1680 3727 1721 3778 die
1741 3743 1827 3791 groru
1844 3728 1947 3779 Assur
1961 3729 2027 3795 με.

1251 3824 1371 3876 aih'soher
1393 3825 1550 3876 Mendes-tea
1576 3823 1723 3874 erstem.
1757 3825 1826 3874 Mna
1843 3825 1932 3873 tenure
1948 3827 1984 3874 ἀι
2001 3827 2026 3875 r's

1251 3919 1401 3972 iatrisdr'sehe
1418 3920 1469 3972 aad
1486 3919 1659 3970 mnndum«
1675 3919 1782 3977 Μαι
1817 3919 1881 3970 doeh
1897 3917 2026 3988 &osmer

1250 4019 1337 4070 ardut
1356 4035 1413 4068 mm
1432 4016 1497 4066 nucis
1514 4033 1569 4066 erno
1588 4015 1837 4082 Hauptmnadnrtes.
1873 4019 1950 4068 ntea
1970 4021 2027 4070 eisd

1250 4116 1291 4166 dr'e
1308 4113 1470 4166 mathsee
1487 4113 1539 4164 uad
1560 4112 1693 4164 Pusirda
1728 4115 1792 4164 Im
1803 4114 1985 4180 prddorss'trirte
1998 4119 2025 4167 ia

1248 4213 1344 4276 Men,
1365 4211 1406 4260 are
1424 4215 1525 4260 urum
1548 4210 1610 4260 aber
1627 4209 1651 4258 r'rr
1668 4205 1794 4271 Africo!⁸

1299 4351 1339 4422 u)
1363 4357 1442 4422 „Die
1460 4355 1573 4424 Spruche
1597 4356 1642 4408 der
1660 4359 1777 4407 Kristen-
1789 4359 1940 4409 Cauuuniter
1964 4361 2023 4410 oder

1249 4453 1380 4504 Phir'm'ct'er
1401 4452 1484 4502 rheilte
1504 4453 1556 4502 oieb
1572 4455 1597 4502 r'rr
1615 4469 1683 4518 zwey
1699 4455 1833 4519 Diatetre,
1863 4455 1911 4504 den
1927 4458 2022 4505 reinem

1249 4549 1490 4602 Paldstiuensiscbeu
1523 4567 1555 4598 uu
1583 4549 1628 4599 der
1659 4549 1866 4616 puldrtinischen‚
1901 4551 1952 4598 trud
1976 4551 2022 4600 dra

1246 4651 1342 4713 platten
1367 4645 1495 4710 Syrischen
1522 4663 1553 4695 aa
1579 4647 1624 4696 der
1643 4645 1765 4710 syriteheu
1784 4647 1897 4710 Grduze,
1918 4647 2024 4696 welcber

1251 4741 1412 4794 Usterschied
1443 4740 1508 4791 cuch
1542 4738 1594 4803 uus
1617 4743 1663 4794 «ten
1694 4743 1756 4792 noch
1783 4744 1882 4806 iibrigen
1909 4745 2022 4794 Mrinuu

1247 4839 1355 4889 sichrtur
1372 4841 1403 4886 ist
1421 4832 1562 4902 (Mittrrid.
1583 4833 1595 4886 1
1613 4853 1639 4902 p.
1653 4831 1755 4900 345).⁸⁸
1773 4835 1879 4890 Utinam
1897 4839 1950 4892 hoo
1968 4841 2021 4892 tete

1247 4933 1390 4986 discrimen
1423 4931 1451 4983 in
1484 4928 1649 4986 Plroeuicioe
1682 4929 1808 5000 propriae
1832 4933 1919 4986 nuruis
1943 4936 2021 4988 uobis

1247 5027 1409 5082 ostendisset
1427 5027 1471 5082 vir
1488 5029 1592 5082 doctus.

1297 5178 1356 5247 Ψ)
1379 5181 1457 5250 epod
1475 5181 1621 5250 eruptores
1637 5183 1773 5235 Romnum
1790 5181 1922 5236 vocabola
1944 5184 2022 5234 Phoe·

1248 5283 1314 5334 sim
1328 5277 1512 5346 (maium)
1526 5286 1555 5330 et
1567 5281 1643 5332 Ponat
1652 5279 1665 5343 <
1674 5283 1803 5346 Pennus)
1820 5279 1905 5352 wigo
1915 5277 2022 5348 quidem

1622 5385 1663 5445 43
