4992 6292
547 675 887 746 INSClllP'l'IONllS
907 672 1229 743 ATHENIENSES.
1273 673 1317 742 V.
1338 673 1636 742 ATHENIENSIS
1659 675 1809 746 PRIMA.
1920 685 1990 758 115

372 867 525 954 anll'regiu
547 863 630 932 tulit.
670 861 810 944 ,Tuleret
831 865 927 928 ctiam
949 877 1093 930 nostrum
1114 866 1163 950 (v.
1186 863 1287 949 prael.
1311 863 1352 928 ad
1372 863 1456 930 Lex.
1477 863 1569 931 hebr.
1591 865 1698 930 miuus
1718 887 1749 950 ρ.
1766 863 1874 932 XXX
1895 867 1945 934 ed.
1960 873 1992 934 2.

371 977 543 1065 Encyelop.
566 975 770 1044 univerall'.
786 973 889 1042 XXII
911 997 942 1062 p.
958 981 1000 1041 97
1010 976 1038 1062 ):
1061 977 1391 1054 verumenimvero,
1415 975 1498 1061 quod
1520 979 1758 1062 praesagiverat
1779 979 1905 1046 enimus
1927 981 1992 1046 iam

372 1113 459 1162 anuo
476 1098 559 1156 1828
584 1091 637 1180 (r.
656 1090 739 1176 opud
753 1087 955 1154 Boeclrbium
976 1085 995 1150 l
1011 1090 1077 1173 u),
1098 1089 1130 1152 id
1146 1101 1257 1175 poetae
1272 1102 1396 1174 praeter
1410 1091 1681 1174 exspectationem
1695 1091 1802 1154 evenit
1817 1105 1851 1154 et
1864 1113 1993 1176 prortut

374 1202 596 1270 confirmatura
618 1216 676 1268 eet.
719 1200 757 1266 ln
782 1215 891 1292 nostro
913 1202 999 1266 euim
1016 1199 1120 1286 lupide
1142 1200 1284 1266 Londioi
1305 1223 1325 1264 a
1348 1221 1398 1264 rue
1421 1202 1622 1276 examinato,
1652 1203 1686 1266 iu
1710 1201 1835 1269 duobus
1857 1203 1992 1290 Lugdu·

374 1315 527 1382 uentibus
558 1311 688 1398 (Carth.
715 1321 746 1378 2.
775 1315 817 1398 3)
843 1327 877 1378 et
898 1315 979 1399 ipsis
1000 1335 1021 1378 e
1042 1333 1094 1378 me
1113 1315 1265 1399 inspectit
1295 1326 1327 1376 et
1356 1313 1389 1377 in
1418 1311 1599 1379 liconiensi
1626 1326 1707 1378 teste
1732 1313 1931 1400 Lindbergio
1961 1329 1994 1382 et

375 1426 619 1513 Hoblenbergio
644 1425 754 1490 littera
779 1421 837 1489 illa
858 1427 985 1504 media,
1022 1427 1062 1490 do
1084 1447 1148 1512 qua
1169 1423 1346 1490 dubitatum
1368 1437 1434 1504 est,
1464 1438 1528 1488 tum
1549 1423 1747 1492 luculentum
1768 1439 1818 1490 eet
1838 1425 1936 1505 Nun,
1972 1451 1992 1492 a

374 1541 498 1606 Lamed
526 1542 560 1604 in
588 1538 703 1604 iisdem
732 1535 833 1602 titulis
860 1535 956 1602 obvio
989 1551 1054 1602 tum
1092 1537 1263 1602 manifesto
1293 1539 1473 1615 diversum,
1512 1550 1546 1602 ut
1573 1535 1630 1602 illu
1656 1541 1797 1602 virorum
1827 1539 1993 1604 doctorum

374 1653 532 1718 discordie
561 1673 624 1716 uon
654 1649 751 1716 aliam
782 1652 851 1714 eive
881 1671 1011 1718 causatu
1038 1653 1108 1715 sire
1137 1651 1377 1714 excusationem
1409 1647 1527 1713 babeat
1554 1671 1649 1736 quam
1676 1671 1697 1714 a
1723 1647 1992 1718 delineatiouibue

302 1805 305 1812 ·
374 1767 480 1830 miuus
504 1765 679 1841 accuratio,
718 1783 761 1828 ex
785 1759 900 1846 quibus
920 1764 1001 1848 ipsiu
1024 1783 1122 1848 preve
1142 1759 1199 1826 illa
1220 1760 1401 1826 Hamulreri
1421 1761 1462 1825 de
1484 1760 1612 1828 Luered
1631 1775 1663 1826 et
1684 1761 1763 1826 Νιισ
1784 1764 1868 1848 apud
1889 1761 1993 1828 Phoe·
2023 1738 2029 1746 ¹

374 1879 463 1942 nicee
491 1879 670 1961 prorniscue
695 1877 854 1960 usurpatis
877 1875 1022 1939 doctrina
1045 1888 1115 1938 orta
1144 1885 1194 1937 eet
1218 1871 1295 1958 (lib.
1316 1871 1332 1936 1
1353 1877 1381 1952 1.
1404 1877 1456 1942 23.
1477 1875 1553 1956 25).
1595 1873 1785 1940 Abdicauda
1805 1876 1903 1960 igitur
1924 1877 1992 1946 obn

380 1986 537 2066 Theleti,
559 2009 684 2052 merum
702 1988 919 2050 recentiorum
933 2001 1156 2066 commeatum,
1179 1987 1271 2050 cuiue
1286 1987 1320 2052 iu
1335 1985 1549 2052 marmoribus
1564 1999 1650 2052 recto
1663 1983 1754 2052 lectis
1769 2007 1811 2052 ne
1827 1989 1992 2054 minimum

374 2103 501 2189 quidem
524 2101 694 2185 vestigium
715 2111 888 2183 comparet.
1423 2157 1426 2166 *

502 2210 588 2290 Quin
620 2199 697 2276 vero
725 2225 776 2276 ert
797 2209 880 2278 oeni
916 2211 1074 2290 quomodo
1096 2203 1159 2276 boc
1181 2232 1297 2276 nomen
1321 2209 1541 2276 efferendumi
1569 2233 1652 2297 quae
1673 2211 1738 2276 alia
1759 2212 1831 2278 telis
1854 2217 1994 2282 numinis

375 2326 513 2411 vestigia
541 2325 636 2388 oll'ert
663 2322 853 2408 antiquitaai
894 2321 942 2386 De
971 2320 1022 2386 bis
1053 2322 1241 2410 singulatim
1269 2313 1532 2389 ien'videamor.
1572 2321 1622 2390 Ae
1641 2332 1780 2411 primun
1802 2318 1929 2412 q'uidem
1950 2349 1993 2392 ex

373 2440 456 2524 ipris
486 2459 565 2523 quae
591 2435 792 2500 laudavimus
821 2435 1086 2520 inscriptionibus
1115 2439 1177 2502 trin
1208 2433 1317 2522 colligi
1345 2449 1497 2520 possunt:
1537 2434 1568 2520 a)
1594 2457 1712 2502 numen
1739 2458 1801 2506 nan
1831 2460 1895 2504 una
1922 2461 1994 2506 cum

375 2567 439 2634 pun
460 2552 521 2620 bru
543 2571 571 2616 ε.
594 2546 689 2613 Bauli
710 2545 817 2613 Solari
840 2546 959 2612 cultum
974 2561 1008 2610 at
1022 2547 1123 2612 titulis
1142 2547 1337 2612 celebratum
1359 2567 1432 2612 eote
1453 2543 1585 2632 (Carth.
1602 2555 1634 2614 2.
1650 2553 1680 2613 3.
1695 2549 1752 2634 5);
1781 2550 1815 2636 5)
1838 2555 1993 2620 maiorem

374 2661 444 2728 lere
478 2664 550 2726 eius
587 2681 681 2748 quam
724 2658 914 2726 Chunorum·
944 2661 1166 2726 auctoritatem
1198 2660 1325 2739 iniero,
1369 2661 1421 2723 cni
1451 2657 1571 2743 ubique
1606 2673 1816 2746 anteponatur
1853 2664 1992 2748 (ibid.);

375 2783 406 2858 ο)
429 2794 501 2840 com
521 2771 639 2838 Diona
658 2769 739 2838 illud
762 2773 942 2858 comparari
962 2770 1092 2838 solitum
1114 2793 1196 2838 este.
1238 2770 1338 2858 Atqui
1354 2768 1498 2850 Dianae,
1521 2791 1585 2836 non
1601 2793 1736 2858 graecae
1749 2771 1836 2838 illiue
1851 2776 1991 2861 quidem,

375 2887 433 2952 aed
462 2883 658 2964 orientalis,
696 2883 844 2948 Persicae
872 2905 899 2950 ε.
925 2883 1117 2950 Armeniaca
1147 2886 1358 2951 domesticum
1387 2903 1504 2948 nornen
1536 2887 1652 2960 Ταναΐς
1673 2906 1700 2950 ε.
1725 2865 1872 2962 Ταναῗτις
1891 2887 1993 2956 loieee

376 3010 522 3076 coortat,
553 2998 636 3081 quod
660 3017 732 3062 eum
753 3017 816 3066 τοττι
838 2998 957 3062 dodum
979 2995 1113 3061 eontulit
1132 2994 1363 3064 Alrerbladiuu.
1407 2994 1468 3062 Cui
1489 2995 1546 3062 alii
1566 2999 1611 3062 itu
1627 3018 1793 3064 occur-rere
1811 2996 1992 3080 voluerunt,

375 3125 412 3177 nt
435 3088 582 3183 Τανοῗτις
610 3110 666 3172 uix
693 3110 727 3174 iu
757 3131 822 3174 nno
851 3107 1016 3174 duobusve
1039 3121 1184 3174 veterum
1206 3111 1399 3194 scriptorum
1417 3107 1499 3174 locis
1520 3111 1624 3194 iisque
1644 3106 1855 3194 probabiliter
1878 3111 1993 3197 depra-

376 3225 460 3288 vatir
482 3221 619 3306 reperiri
639 3221 947 3299 animadverterent,
971 3223 1005 3285 in
1029 3221 1144 3307 quibus
1161 3218 1294 3308 vulgare
1315 3224 1386 3288 eine
1407 3223 1547 3286 numinis
1568 3242 1685 3286 nomen
1701 3199 1835 3298 Ἀναῗτις
1856 3221 1992 3307 (Strabo

376 3333 483 3414 XI,8
512 3335 543 3412 ἱ.
563 3339 595 3396 4.
625 3329 750 3412 XV,3
779 3335 807 3410 1.
831 3335 881 3398 15.
908 3330 994 3396 Plut.
1019 3332 1133 3400 Artax.
1157 3339 1209 3400 27.
1237 3335 1375 3402 Peucen.
1399 3339 1432 3414 3,
1457 3339 1497 3400 16
1515 3337 1544 3414 A.
1560 3339 1591 3400 6.
1615 3332 1776 3420 Agathino
1799 3332 1875 3406 birt.
1890 3342 1922 3416 2,
1937 3343 1990 3405 24.

380 3445 460 3514 l‘lin.
482 3451 535 3524 33,
560 3445 621 3528 tt)
647 3444 864 3530 reponendum
886 3446 945 3522 rit,
978 3447 1025 3508 ite
1046 3445 1201 3510 euadente
1222 3449 1409 3532 neopersico
1431 3443 1572 3512 Venerit
1591 3447 1729 3518 nomina
1742 3450 1869 3539 wlsi,
1891 3459 1993 3542 ciffi,

377 3575 473 3655 ..μμ
506 3562 557 3647 (τ.
579 3563 620 3628 de
641 3561 724 3647 Saty
746 3565 780 3628 in
802 3558 939 3625 Journal
960 3562 1017 3628 dee
1039 3563 1161 3628 Sauone
1183 3567 1265 3628 1817
1294 3585 1325 3648 p.
1347 3569 1421 3628 439.
1465 3563 1644 3628 Hemalreri
1671 3563 1808 3632 diatriba
1839 3587 1913 3652 pag.
1935 3567 1992 3654 5)ε

377 3683 434 3749 ead
462 3683 590 3747 videant
619 3679 672 3760 bi,
701 3701 742 3744 ue
763 3681 933 3744 temeraria
960 3701 1056 3744 maun
1084 3682 1244 3764 genuinae
1272 3693 1305 3744 et
1333 3683 1523 3766 antiquioris
1551 3680 1675 3745 formae
1694 3684 1832 3767 remigia
1853 3681 1992 3762 deleant,

378 3816 460 3885 quae
483 3809 515 3859 et
530 3797 564 3860 in
586 3795 814 3859 divertireirnir
834 3791 1045 3878 scriptoribus
1060 3790 1230 3878 multorom
1245 3792 1389 3858 codicum
1403 3795 1593 3857 anctoritate
1608 3793 1719 3856 nititur
1739 3801 1784 3870 (v.
1801 3791 1994 3859 Trrcbuelre

378 3912 417 3975 ed
440 3908 546 3974 Strab.
566 3903 608 3972 ’1.
623 3904 673 3971 lv
694 3907 824 3991 pbill)
846 3919 879 3969 at
892 3907 926 3969 in
941 3907 1059 3970 nortrie
1073 3903 1336 3992 inscriptionibus
1350 3907 1478 3992 insigne
1493 3905 1688 3990 praesidium
1702 3903 1810 3970 babet.
1847 3904 1993 3973 Potioreu

377 4025 463 4086 enirn
485 4019 551 4084 loci
571 4021 604 4084 in
628 4015 743 4103 quibua
766 4021 884 4094 Τανα1ς
912 4019 946 4082 in
970 4017 1134 4083 codicibus
1155 4029 1333 4104 comparet,
1367 4016 1402 4081 hi
1422 4030 1507 4082 runt.
1553 4014 1645 4082 Unus
1667 4030 1716 4081 ert
1738 4015 1908 4084 Strabonis
1928 4017 1996 4100 xl,

379 4140 419 4199 13
440 4137 467 4212 b
487 4138 527 4197 16
549 4154 579 4219 p.
597 4135 659 4195 532
682 4129 817 4195 Cusaub.
846 4129 867 4195 ii
887 4125 990 4194 πάντα
1014 4131 1072 4212 μὲν
1100 4121 1154 4196 οἷον
1181 4127 1221 4195 τά
1246 4136 1309 4195 τῶν
1328 4133 1461 4216 Περσῶν
1481 4128 1550 4214 ἱερὰ
1570 4129 1621 4194 eat
1641 4130 1754 4212 Μῆδοι
1774 4131 1825 4195 eol
1841 4129 1992 4218 Ἀρμένιοι

376 4243 571 4329 τετιμήκασι,
601 4247 642 4310 τὰ
663 4245 698 4309 δὲ
718 4249 775 4326 τῆς
792 4242 1016 4340 ’έναῒτιάσς
1038 4241 1249 4328 διαφερόντως
1264 4241 1432 4326 Ἀρμένιοι,
1460 4241 1517 4308 ubi
1539 4243 1608 4307 cod.
1632 4239 1721 4309 Mod.
1735 4247 1767 4308 3.
1790 4251 1822 4308 4.
1843 4242 1989 4312 Mereor.

383 4357 497 4423 Venet.
527 4357 628 4422 Parit.
659 4379 730 4421 curo
751 4357 841 4420 editt.
862 4353 938 4422 Ald.
959 4354 1065 4442 Hopp.
1087 4369 1119 4420 et
1140 4369 1246 4420 vetere
1267 4358 1442 4442 interprete
1465 4355 1637 4434 Toedidor,
1661 4354 1745 4442 quod
1766 4367 1871 4421 tuetur
1893 4343 1991 4422 etium

379 4473 467 4536 alter
486 4469 597 4549 lticus,
619 4467 780 4533 Eustathii
805 4468 844 4532 ad
866 4465 958 4530 lliud.
973 4473 1022 4540 14,
1039 4473 1099 4532 295
1123 4491 1153 4554 p.
1170 4472 1251 4546 979,
1273 4465 1329 4533 ubi
1351 4466 1403 4532 bic
1419 4465 1587 4534 Strabonis
1609 4469 1822 4532 narrationem
1843 4481 1991 4554 repetent

378 4583 490 4650 scribit
513 4585 668 4666 Τανα1της
691 4581 820 4663 δαίμων.
868 4577 999 4643 Tertius
1030 4583 1142 4664 (quern
1164 4577 1268 4644 solutu
1290 4593 1362 4644 eote
1385 4577 1494 4646 oculos
1517 4577 1637 4646 hebere
1659 4580 1785 4645 videtur
1806 4581 1846 4646 de
1868 4579 1991 4665 Sacynu

377 4695 399 4761 l.
423 4696 471 4780 o.)
498 4707 547 4760 eet
577 4693 752 4759 Clementis
779 4689 1010 4768 Alexandrini,
1045 4690 1199 4777 Protrept.
1221 4714 1251 4777 p.
1273 4698 1315 4759 43
1338 4691 1444 4776 sylb:
1479 4698 1572 4758 τοῦτο
1601 4691 1792 4777 (simulacra
1817 4690 1989 4760 humanam

377 4807 515 4896 figuram
550 4807 741 4886 referentia)
766 4803 966 4890 Ἀρταξέρξου
992 4807 1049 4868 τοῦ
1076 4805 1214 4890 Δαρείου
1241 4809 1299 4868 τοῦ
1323 4803 1420 4886 Ὠχοῦ
1447 4805 1699 4888 ε1ςηγησαμένου,
1736 4801 1772 4878 ὅς
1792 4809 1915 4887 πρῶτος
1935 4811 1992 4888 τῆς

375 4919 622 5008 Ἀφρσδέτης
651 4919 852 4994 Τανοΐδος
880 4913 1035 5002 (Buleng.
1056 4917 1096 4981 ad
1114 4914 1292 4980 Arnobiurn
1315 4937 1345 5001 p.
1366 4923 1427 4981 272
1449 4919 1580 4981 coniicit
1596 4907 1784 4998 Ἀναάιδος)
1807 4913 1845 4980 τά
1868 4914 1990 5002 άρσλμα

379 5031 554 5115 ἀναστήσας
574 5033 607 5098 έν
622 5035 787 5114 Βαβυλῶνι
808 5031 859 5096 καὶ
877 5026 1010 5102 Σούσοις
1022 5030 1072 5092 rol
1085 5026 1284 5109 Ἐκβατάνοις
1297 5030 1347 5092 καὶ
1362 5027 1516 5114 Βάκτροις
1529 5029 1580 5091 nol
1594 5030 1758 5116 Δαμασκῷ
1774 5029 1824 5092 καὶ
1838 5028 1991 5115 Σάρδεσιν

377 5140 509 5223 ὑπέδειξε
531 5145 646 5226 σέβειν,
676 5125 729 5210 ets
741 5143 824 5210 Plnt.
836 5141 951 5207 Artax.
966 5146 1023 5220 27,
1043 5141 1099 5206 nbi
1111 5139 1277 5226 Aepusiem
1293 5153 1400 5205 narret
1414 5138 1528 5205 lectam
1543 5143 1577 5204 in
1591 5141 1803 5206 sacerdotium
1814 5139 1992 5226 Ἀρτέμιδος

378 5265 434 5340 τῆς
460 5259 493 5323 έν
519 5254 733 5339 Ἐκβατάνοις,
767 5255 805 5340 ἢν
828 5255 953 5320 Ἀνεῖτιν
983 5251 1041 5336 [al.
1066 5252 1217 5334 Ἀνοάτιν]
1248 5257 1384 5318 καλοῦσι.
1432 5249 1575 5328 Quartus
1603 5251 1764 5318 Eustathii
1794 5253 1834 5318 ud
1856 5251 1990 5340 Dionys.

380 5371 543 5458 Perieget.·
560 5375 639 5436 846:
678 5367 761 5448 citor
790 5369 827 5434 δέ
853 5389 930 5456 φασι
959 5369 1010 5434 καὶ
1031 5365 1117 5456 παρὰ
1134 5365 1301 5454 Ἀρμενίοις
1321 5364 1499 5452 παρθένους
1518 5364 1675 5454 ἐπιφανεῖς
1694 5365 1909 5454 άνιερωθεῖσαι
1929 5373 1991 5459 θεᾷ

1536 5491 1611 5554 15*
