4944 6302
561 679 622 746 Dii
641 675 1030 746 INSCRIPTIONIBUS
1052 677 1285 747 NUMIDiCiS
1308 677 1458 747 SEXTA
1477 679 1537 748 ΕΤ
1559 681 1763 754 SEPTIMA.
1900 689 1977 766 445

478 879 510 936 2.
553 869 590 936 lu
612 868 750 950 fusae
767 867 960 948 sessiniaco
987 887 1066 950 usu,
1103 871 1245 936 maximo
1268 858 1314 934 'iu
1343 871 1526 956 praedicato
1559 885 1591 938 et
1620 872 1677 940 ubi
1705 874 1841 942 verbnm
1870 874 1978 964 paullo

349 989 506 1054 remotius
528 997 577 1050 est
598 1003 618 1048 s
639 981 858 1060 substantivo,
888 983 1051 1094 parciores
1073 1003 1146 1050 esse
1162 981 1368 1066 Phoenices,
1389 985 1528 1050 vidimus
1549 987 1591 1052 ad
1605 985 1668 1052 Cit.
1682 994 1734 1069 23,
1749 995 1779 1056 3.
1803 987 1930 1076 Tripol.
1947 997 1977 1056 1.

802 1477 1213 1547 APPENDIX
1264 1481 1527 1551 PRIMA.

492 1657 563 1730 na
588 1650 1018 1770 mscanmomuos
1044 1650 1310 1731 Νιιιιιιιιιι
1337 1654 1503 1731 saxos
1516 1656 1595 1730 ιι
1621 1631 1839 1734 ιιιιιιιι

1045 1841 1095 1906 (ad
1118 1855 1180 1913 pag.
1202 1839 1279 1908 2¹3).

476 2032 505 2089 1.
547 2021 641 2088 Duae
669 2021 730 2087 hae
758 2021 986 2104 inscriptiones
1017 2021 1177 2102 ineditae,
1215 2035 1283 2087 tum
1313 2023 1491 2108 scripturae
1513 2045 1633 2111 genere
1654 2038 1722 2090 tum
1743 2023 1891 2092 formulis
1913 2025 1977 2092 sibi

351 2137 521 2206 admodum
543 2134 687 2228 similes,
716 2157 759 2200 ex
781 2133 917 2220 irnperio
940 2131 1112 2199 'l'unetano
1135 2155 1237 2221 nuper
1256 2135 1427 2202 admodum
1440 2135 1481 2202 ab
1494 2136 1645 2218 homine,
1668 2140 1702 2202 ni
1716 2135 1822 2220 fallor,
1844 2137 1976 2219 Iudaeo,

348 2273 457 2319 rerum
480 2252 682 2336 antiquarum
705 2259 902 2326 mercatore,
931 2248 966 2311 iu
983 2244 1111 2312 ltaliam
1133 2259 1383 2333 transportando,
1414 2263 1466 2328 et,
1501 2261 1669 2338 postquam
1689 2249 1887 2317 Hollandiae
1909 2255 1980 2338 regi

349 2365 470 2431 frustra
490 2371 608 2428 venum
630 2359 757 2426 oblatae
779 2371 888 2440 erant,
915 2361 950 2424 iu
972 2357 1124 2424 Murcum
1145 2357 1382 2441 Borbouicom,
1404 2365 1489 2449 quod
1504 2361 1644 2449 Neapoli
1660 2377 1726 2444 est,
1750 2361 1875 2430 delatae
1891 2378 1977 2430 sunt.

347 2475 577 2566 'Apograpbum
598 2495 709 2539 earum
729 2494 772 2546 ox
794 2469 887 2536 ltalia
907 2475 1110 2558 impetratum
1134 2493 1177 2537 ex
1205 2471 1333 2538 schedis
1360 2472 1470 2540 Musei
1497 2475 1726 2562 Lugdunensis
1754 2475 1835 2542 mibi
1857 2479 1979 2562 primus

348 2593 437 2660 dedit
456 2587 508 2655 cl.
523 2589 704 2655 Leessunr:
731 2588 785 2650 cui
806 2582 956 2672 exemplo
978 2605 1076 2671 quum
1098 2587 1133 2650 in
1155 2584 1320 2650 nonnuliis
1342 2585 1539 2668 diffiderem,
1561 2601 1674 2674 ectypa
1694 2591 1837 2673 ipsarum
1857 2609 1979 2674 §pseu
2124 2641 2127 2650 .

349 2705 496 2770 obtinere
517 2702 627 2766 studui
656 2699 847 2785 tandemque
877 2719 917 2763 ea
938 2701 1109 2784 impetrare
1132 2701 1277 2785 contigit.
1332 2695 1439 2775 Quum
1461 2715 1567 2764 autem
1592 2703 1672 2764 cista
1694 2698 1734 2764 ad
1756 2721 1808 2764 me
1828 2702 1927 2765 missa
1942 2702 1976 2764 in

348 2820 463 2882 itinere
492 2815 547 2880 diu
579 2811 795 2878 retardaretur
828 2831 950 2898 egoque
981 2814 1229 2878 commentarios
1258 2831 1348 2876 moos
1378 2833 1420 2878 ιιι
1449 2810 1551 2878 solius
1580 2810 1760 2898 apographi
1787 2815 1978 2878 auctoritate

349 2929 488 3018 pendere
513 2923 650 3003 nollem,
676 2928 710 2990 iu
732 2918 939 3012 appendicem
961 2945 1018 2988 cos
1040 2926 1174 2989 reiicere
1196 2926 1347 3011 oportuit.
1373 2959 1417 2973 -
1450 2923 1569 3010 Lapis,
1598 2926 1652 2989 oui
1672 2937 1842 3012 utrumque
1864 2945 1979 2990 mouu-

349 3054 491 3108 mentum
528 3037 722 3126 iusculptum
754 3049 821 3119 est,
858 3035 1070 3102 Travertinus
1101 3049 1152 3102 est
1185 3040 1221 3102 iu
1250 3034 1315 3101 illis
1343 3035 1531 3124 regionibus
1565 3039 1643 3102 satis
1671 3037 1834 3125 frequens.
1884 3037 1978 3102 Prius

350 3161 424 3238 (uo.
447 3154 489 3240 6)
519 3153 660 3218 sedecim
688 3151 806 3236 digitos
833 3171 1003 3215 mensurae
1031 3147 1253 3215 Berolinensis
1275 3147 1392 3230 eitum,
1425 3151 1574 3216 undecim
1598 3150 1699 3216 latum
1721 3165 1790 3229 ιιι,
1819 3153 1978 3236 posterius
2066 3144 2070 3156 '

350 3269 528 3335 octodecim
549 3261 670 3344 altum,
699 3263 870 3326 duodecim
889 3261 988 3326 latum
1011 3274 1077 3326 est:
1108 3265 1273 3350 utriusque
1295 3265 1457 3328 crassities
1475 3262 1636 3329 latitudini
1651 3264 1719 3328 iere
1736 3261 1889 3349 aequalis.
1934 3261 1977 3341 is,

351 3385 521 3448 cui'vaoca
542 3375 713 3463 insculpto,
733 3371 816 3462 lapis
830 3376 863 3438 iu
881 3375 987 3440 medio
1009 3373 1130 3440 fractus
1151 3387 1216 3439 est:
1244 3389 1278 3439 at
1299 3374 1488 3441 testificatus
1506 3389 1574 3456 est,
1600 3379 1655 3464 qui
1668 3375 1808 3463 lapida'm
1823 3375 1978 3454 vendidit,

352 3495 432 3560 baec
452 3496 547 3560 unius
569 3489 769 3556 mouumenti
789 3486 972 3578 fragmenta
990 3507 1075 3565 esse,
1099 3505 1202 3573 noque
1224 3500 1274 3551 est
1296 3489 1380 3572 quod
1403 3485 1464 3552 boc
1485 3491 1518 3552 iu
1541 3489 1639 3554 dubio
1655 3509 1825 3575 ponamus.
1870 3475 1979 3554 Unum

352 3607 492 3676 dubitari
514 3625 609 3694 posse
630 3602 776 3682 videtur,
808 3621 849 3664 an
868 3601 962 3664 tertia
984 3598 1141 3684 quaedam
1166 3619 1267 3683 eaque
1286 3601 1432 3686 superior
1453 3597 1570 3685 lapidis
1584 3622 1678 3686 pars,
1709 3600 1883 3666 humanam
1897 3600 1980 3666 forte

349 3723 488 3810 figuram
519 3718 703 3794 continens,
739 3715 888 3801 perierit,
926 3732 1021 3800 quam
1054 3713 1273 3806 coniecturam
1308 3712 1444 3776 suadere
1474 3715 1600 3798 possint
1626 3727 1693 3777 tum
1724 3711 1847 3798 lapides
1877 3715 1981 3778 nostri

351 3833 516 3902 Numidici
543 3842 673 3917 quartus
704 3839 737 3892 at
766 3828 953 3914 septimus,
979 3837 1047 3888 tum
1069 3837 1277 3890 monomenta
1298 3824 1453 3911 quaedam
1476 3821 1565 3890 illius
1587 3827 1729 3912 regionis
1751 3823 1903 3889 illiterata
1925 3831 1979 3906 (v.

351 3971 426 4036 pag.
456 3945 547 4029 210).
598 3939 747 4008 Gennina
769 3920 883 4004 ¹autem
917 3959 989 4004 esse
1020 3935 1100 4002 baec
1127 3951 1334 4003 monumenta
1363 3951 1396 4000 et
1424 3959 1467 4002 ex
1496 3939 1567 4024 ipsa
1594 3935 1749 4003 Numidia
1769 3936 1885 4016 allata,
1923 3939 1997 4002 vix,

352 4056 530 4136 dubitabit,
567 4058 621 4142 qui
651 4068 683 4120 et
712 4055 889 4139 scripturae
924 4048 1066 4116 indolem
1100 4052 1305 4138 cognoverit,
1343 4063 1376 4113 et
1405 4047 1522 4114 horum
1546 4049 1688 4136 lapidum
1718 4053 1876 4138 imagines
1906 4071 1981 4116 cum

351 4171 567 4241 monumentis
588 4166 861 4254 Lugdunensibus
883 4185 985 4251 prope
1008 4161 1151 4228 Vaccam
1173 4163 1340 4228 Siccamve
1361 4167 1496 4250 repertis
1519 4166 1766 4250 comparaverit:
1791 4153 1843 4230 dui
1858 4165 1982 4230 accedit

352 4287 437 4376 quod
466 4287 540 4351 ιιιιί
568 4303 671 4369 genus
693 4280 804 4366 (cuius
824 4299 958 4365 parvum
980 4279 1142 4365 specimen
1164 4278 1205 4342 ad
1227 4297 1280 4342 me
1302 4279 1438 4343 missum
1461 4279 1530 4366 est)
1552 4301 1683 4376 prorsus
1704 4282 1791 4346 idem
1812 4293 1862 4344 est
1884 4290 1980 4364 atque

353 4403 387 4466 in
407 4393 692 4486 Lugdunensibus.

479 4547 509 4605 2.
552 4537 696 4601 Litterae
716 4531 750 4594 iu
770 4531 974 4612 universum,
1006 4547 1042 4597 ut
1063 4532 1223 4612 diximus,
1260 4533 1392 4598 eaedem
1414 4549 1507 4614 suut,
1545 4555 1626 4621 qnae
1648 4537 1682 4598 in
1711 4531 1843 4620 reliquia
1864 4551 1979 4595 mono·

354 4657 471 4722 mentis
500 4645 681 4715 Numidicis
709 4645 921 4728 reperiuntur.
973 4636 1038 4710 Sed
1067 4647 1148 4711 duae
1177 4659 1285 4712 tamen
1314 4649 1348 4711 in
1377 4648 1418 4711 iis
1447 4667 1550 4712 novae
1572 4660 1648 4742 sapt
1669 4657 1702 4710 et
1723 4645 1887 4732 amplioris
1911 4645 1980 4709 iere

351 4808 522 4892 indaginis.
566 4797 646 4888 Una·
664 4809 712 4862 ter
733 4795 831 4862 obvia
852 4811 902 4865 ιιι
937 4756 986 4932 ζ
1021 4797 1082 4880 VI,
1104 4796 1162 4864 lin.
1184 4797 1285 4866 21ἰιι.
1306 4804 1338 4867 6.
1367 4798 1424 4867 lin.
1448 4807 1467 4868 5
1495 4797 1554 4864 litt
1578 4805 1609 4864 2.
1639 4799 1716 4878 VII,
1743 4797 1802 4864 Ιὶι.
1825 4806 1846 4863 2
1866 4797 1926 4862 litt.
1947 4803 1979 4878 5,

352 4961 524 5028 manifesto
555 4948 781 5038 distinguenda
810 4963 877 5014 tom
908 4971 928 5014 a
956 4950 1204 5033 sedialibus,
1238 4973 1319 5041 quae
1341 4959 1468 5041 propria
1490 4976 1548 5020 sua
1569 4953 1675 5042 figura
1697 4957 1796 5020 octies
1818 4963 1981 5038 comparet

354 5071 494 5152 V1,lin.
518 5079 534 5137 1
557 5068 619 5136 litt.
642 5073 681 5148 ι,
710 5068 767 5134 lin.
791 5074 810 5134 3
833 5066 893 5132 litt.
916 5073 954 5146 2,
991 5065 1048 5132 lin.
1072 5077 1094 5132 4
1114 5063 1176 5130 litt.
1199 5070 1238 5146 6,
1277 5063 1335 5130 lin.
1358 5073 1376 5134 ι
1398 5065 1458 5132 litt.
1481 5077 1520 5148 4,
1557 5067 1753 5148 v11‚1in.1
1788 5064 1851 5132 litt.
1874 5071 1904 5132 8.
1924 5070 1978 5145 20,

353 5187 411 5253 liu.
433 5194 454 5252 2
474 5184 532 5251 Ιίιι.
556 5190 586 5251 7.
611 5191 670 5264 12,
701 5199 733 5250 ιι
753 5180 862 5270 paullo
884 5183 1006 5248 maiore
1027 5179 1090 5262 VI,
1112 5177 1170 5244 lin.
1193 5185 1212 5245 3
1234 5176 1294 5244 litt.
1315 5187 1347 5244 4.
1371 5186 1429 5260 13,
1460 5193 1527 5245 tum
1549 5203 1569 5245 ι
1590 5181 1682 5246 ane
1703 5179 1762 5262 lv,
1785 5179 1842 5246 lin.
1869 5187 1900 5260 2,
1927 5184 1977 5246 to.

353 5299 421 5367 Iam
435 5321 531 5388 supra
555 5299 603 5384 (p.
618 5301 689 5364 324
702 5299 783 5382 326)
806 5297 1066 5376 observavimus,
1089 5313 1160 5358 eam
1181 5295 1301 5379 pariter
1322 5305 1417 5382 atquo
1435 5291 1633 5366 simillimam
1648 5296 1807 5382 quandam
1821 5297 1855 5358 in
1873 5293 1988 5358 nuruis

356 5413 547 5504 Sigensibus
561 5408 698 5477 sancet
720 5412 733 5496 (
739 5412 834 5500 idque
847 5409 985 5478 subinde
1000 5431 1058 5498 pro
1074 5405 1136 5476 Ss‘n
1149 5409 1289 5496 positum
1303 5404 1361 5472 lib.
1375 5405 1423 5474 lv
1440 5408 1544 5494 Md)
1561 5431 1650 5490 esse,
1674 5421 1706 5474 et
1726 5406 1822 5474 facile
1834 5417 1977 5496 apparet,
