4924 6304
755 639 947 710 sammaa
969 639 1030 709 ar
1051 639 1238 728 erorum.
1289 638 1353 708 aa.
1374 639 1517 710 uxvrr.
1831 629 1943 716 'uos

822 829 1040 898 CAPUT
1077 827 1443 898 SEPTIMUM.

319 1002 619 1078 caninas
661 980 1942 1090 nrs1o1uua1Nvaurtsrmcaarlsoua

728 1151 1165 1230 anoloamaos
1207 1145 1534 1226 uernans

1059 1335 1200 1404 valt.

447 1475 582 1543 Gemma
609 1477 690 1544 haec
718 1477 840 1542 inedita
867 1463 945 1542 olim
973 1497 1072 1562 penes
1101 1473 1283 1540 Stoechium
1309 1474 1360 1558 (r.
1400 1473 1628 1539 Ws'akelmoaa
1656 1475 1858 1561 description
1885 1473 1942 1538 der

313 1598 448 1676 pierres
469 1593 611 1678 gravior
633 1575 676 1655 rio
699 1589 830 1656 cabinet
853 1589 894 1653 dc
916 1587 1045 1668 Stoeni,
1074 1585 1114 1653 cl.
1135 1594 1154 1652 8
1178 1609 1230 1652 uo.
1245 1586 1305 1670 69)
1328 1599 1412 1664 crat,
1436 1607 1520 1650 nuno
1542 1590 1575 1650 in
1599 1586 1715 1652 Mosco
1737 1583 1943 1652 Beroliuensi

317 1720 367 1770 est
402 1705 453 1789 (r.
488 1704 607 1770 Tilion
640 1703 784 1789 Cotolog
812 1699 891 1767 cii
923 1725 977 1768 uo.
1002 1701 1090 1786 179).
1149 1701 1202 1784 lu¹
1222 1698 1401 1764 litterarum
1431 1697 1545 1784 figaris
1577 1699 1658 1765 nihil
1686 1696 1851 1786 singulare
1879 1710 1941 1776 est,

319 1833 444 1904 practer
471 1816 575 1885 limo
606 1815 666 1880 iio.
690 1828 727 1895 1,
764 1829 796 1879 ct
824 1814 885 1879 litt.
916 1828 998 1880 extr.
1022 1813 1079 1878 lin.
1103 1821 1135 1878 2.
1185 1811 1291 1898 Atque
1321 1810 1378 1875 ilia
1406 1813 1534 1898 quidem
1564 1835 1629 1878 non
1659 1789 1722 1876 alia
1745 1832 1817 1876 csse
1839 1791 1943 1896 potest

317 1953 413 2016 quom
444 1931 498 2023 lic
524 1933 569 1994 ita
594 1932 733 2016 pictum,
773 1943 807 1992 ut
833 1929 896 1991 duo
918 1927 1071 1992 inferiora
1091 1928 1162 1989 eius
1186 1924 1319 1989 brechia
1342 1922 1403 1988 seb
1426 1922 1525 1989 finem
1549 1927 1718 1990 coniuncta
1738 1929 1821 2001 sint,
1851 1937 1887 1986 ot
1906 1925 1942 1986 in
2023 1945 2025 1948 ·

318 2041 499 2108 litteratura
526 2057 670 2106 veterum
698 2039 923 2106 Hebraeorum
953 2041 1003 2125 (v.
1026 2037 1090 2134 tob.
1113 2043 1168 2123 3).
1218 2036 1309 2102 Haec
1335 2035 1422 2102 haud
1450 2036 1547 2104 dubie
1574 2053 1624 2103 est
1647 2038 1750 2104 Clretr
1786 2035 1827 2100 ed
1851 2037 1941 2100 cuius

317 2195 494 2283 legitimam
509 2194 647 2283 figurem
661 2217 681 2259 a
696 2196 828 2260 sinistra
842 2212 930 2280 parto
947 2193 1082 2258 accessit
1095 2192 1272 2256 auctarium
1289 2191 1459 2277 quoddam,
1482 2191 1565 2278 quod
1582 2189 1686 2277 Aleph
1707 2135 1814 2317 (ξ)
1839 2187 1944 2254 videri

319 2353 421 2436 possit
442 2370 513 2413 curn
534 2346 618 2412 Chet
639 2347 838 2434 copulatum,
866 2347 929 2412 uisi
950 2367 1008 2432 pro
1032 2367 1121 2411 mero
1144 2357 1333 2409 ornamento
1353 2345 1536 2412 habendum
1551 2359 1611 2412 cst.
1655 2344 1718 2410 His
1734 2343 1943 2430 praemunitis

320 2461 493 2549 legendnm
516 2474 583 2526 est:

1050 2573 1209 2643 :nonani

1058 2685 1206 2756 aniona

320 2823 402 2888 quae
425 2804 471 2866 ita
493 2797 706 2887 dispesccude
727 2817 860 2864 censens

714 2965 891 3037 amr-rsa
925 2935 986 3068 75
1274 2943 1373 3036 iiii,
1410 2943 1590 3020 Aiacem
1616 2945 1798 3046 (amica),
1830 2945 1878 3032 ri

754 3073 920 3178 &passm
950 3103 980 3168 ῃ
1269 3079 1325 3154 lio
1350 3079 1583 3158 Domir'choc

321 3273 353 3325 et
373 3257 503 3338 annuli,
535 3261 667 3347 eiusque
689 3257 826 3322 sortasse
847 3255 1003 3341 pronubi,
1030 3257 1269 3342 inscriptionem
1284 3281 1400 3324 censeo
1418 3262 1567 3325 niuvene
1581 3257 1707 3348 puellae
1722 3283 1742 3326 n
1756 3281 1792 3327 ee
1808 3257 1943 3326 dilectae

320 3371 431 3440 oblati.
473 3371 612 3438 Nomina
634 3373 762 3458 propria
784 3367 909 3456 puellae
931 3380 964 3432 et
982 3371 1082 3454 petris
1103 3371 1294 3436 dirimuntur
1309 3372 1468 3438 vocabolo
1483 3389 1538 3442 nn.
1580 3372 1628 3440 Ac
1643 3375 1804 3460 posterius
1816 3375 1944 3462 quidem

321 3488 445 3554 aanor
470 3483 540 3590 (vel
556 3485 679 3570 assa-r)
701 3483 928 3570 explicaverim
951 3484 1073 3577 antiton
1097 3484 1236 3578 (nepa)
1257 3487 1280 3550 i.
1296 3506 1324 3548 e.
1342 3493 1480 3572 song-uir
1495 3487 1616 3553 nobilis
1634 3485 1849 3578 (melisius),
1869 3485 1943 3552 coli.

319 3597 389 3736 ἐῶ
409 3619 543 3700 nobilis,
571 3618 675 3686 bonus
696 3620 776 3699 soit,
803 3581 886 3735 ἑὼ
907 3615 1037 3698 nobilis,
1062 3617 1178 3698 bontas,
1202 3619 1285 3706 quod
1308 3621 1431 3685 nomini
1450 3623 1581 3707 proprio
1605 3621 1775 3707 phoenicio
1789 3621 1943 3687 adhibere

320 3797 361 3838 eo
382 3776 488 3840 minus
511 3772 712 3852 dubitamus,
748 3792 844 3860 quom
870 3775 1104 3857 praestantiae
1132 3768 1373 3835 erasistrato
1394 3783 1535 3858 potestas
1557 3775 1652 3839 docta
1673 3775 1716 3838 sit
1737 3772 1778 3838 ab
1800 3771 1943 3838 hebraeo

320 3911 349 3954 ss
372 3886 541 3984 phoenicio
564 3889 629 3979 akr,
650 3883 715 3963 sal,
746 3885 829 3970 qood
852 3883 934 3969 epod
957 3881 1127 3947 Hebraeos
1149 3881 1284 3968 (Mauo.
1308 3889 1339 3962 5,
1365 3885 1424 3970 18)
1446 3899 1479 3948 et
1499 3884 1625 3952 Arabes
1654 3888 1706 3971 (v.
1729 3907 1810 3972 quae
1833 3884 1944 3950 obser·

322 4001 469 4065 ravimus
490 3999 530 4062 ad
551 3998 658 4064 locum
679 3996 838 4063 Matthaei
859 3999 893 4061 in
923 3995 1086 4062 Classical
1112 3994 1257 4061 Joorooi
1282 4017 1334 4062 uo.
1365 4001 1406 4062 53
1430 4019 1503 4084 pag.
1529 3997 1610 4086 156)
1640 3995 1793 4064 translate
1815 3999 1944 4084 ponitur
2079 4039 2086 4054 ι

319 4115 360 4179 de
389 4135 428 4176 eo
457 4113 541 4200 quod
572 4113 881 4197 praestantissimum
912 4123 961 4174 est
980 4111 1014 4174 iu
1037 4129 1096 4174 suo
1118 4129 1248 4194 genere.
1290 4107 1343 4174 Ad
1367 4113 1506 4176 nominis
1528 4113 1665 4177 formum
1688 4111 1729 4177 ci.
1753 4115 1848 4205 pipp}
1868 4111 1943 4178 tora.

319 4227 450 4311 sanguis
475 4227 707 4310 possessionis,
739 4223 927 4289 Deraoroon
959 4223 1053 4308 (sort.
1076 4237 1163 4288 *anri
1185 4223 1263 4306 os),
1299 4221 1569 4310 adscriptionem
1598 4223 1726 4312 plenam
1755 4225 1857 4298 nobo-r
1886 4247 1944 4312 pro

320 4341 408 4408 teins
431 4353 511 4424 quse
532 4335 734 4402 laudavimus
757 4358 830 4422 pag.
849 4341 890 4402 58
910 4335 971 4400 litt.
994 4357 1024 4398 a.
1068 4331 1200 4399 Puellae
1229 4337 1330 4421 ipsius
1356 4358 1473 4402 nomen
1496 4335 1548 4402 vel
1570 4355 1687 4408 nuria:
1712 4361 1784 4405 esre
1806 4353 1942 4428 poteret,

320 4449 373 4516 sei
394 4469 506 4530 asna,
542 4451 625 4536 qood
654 4451 812 4536 posterius
842 4452 936 4513 unice
960 4469 1088 4527 verum,
1125 4469 1220 4534 qoom
1242 4445 1323 4514 iilud
1344 4463 1419 4536 apto
1442 4464 1548 4536 etymo
1569 4467 1686 4518 careat.
1733 4451 1825 4539 Capit
1845 4453 1944 4539 igitur

321 4563 535 4653 copulandum
560 4585 632 4628 oum
652 4563 781 4628 Lomed
800 4563 833 4626 in
855 4563 894 4647 ’ῑέ
918 4557 998 4639 tibi,
1028 4576 1121 4629 aurite
1145 4573 1252 4625 autem
1274 4559 1326 4626 vel
1348 4563 1617 4649 pronuntiandum
1641 4583 1738 4664 nuspa
1758 4567 1779 4630 i.
1796 4588 1824 4654 q.
1847 4581 1943 4663 roffio!

321 4677 381 4763 (de
411 4675 527 4764 phoen.
556 4697 623 4760 ⁰?
651 4697 710 4761 pro
740 4691 808 4744 rr,-
828 4694 859 4737 v.
884 4673 924 4738 ed
947 4671 1059 4737 Carth.
1085 4678 1184 4753 e,1,
1212 4675 1406 4740 erinstein
1431 4689 1568 4744 tractatu
1590 4678 1798 4766 grammatico
1821 4675 1881 4758 lv,
1901 4679 1943 4766 4)
2053 4659 2057 4668 ¹

323 4811 414 4856 orror
434 4805 466 4856 et
487 4811 593 4856 ooucr.
616 4795 723 4854 orrico
744 4785 838 4853 Cant.
861 4794 892 4865 2,
911 4791 940 4852 7.
962 4791 994 4864 3,
1016 4788 1057 4865 5,
1079 4783 1132 4874 vai¹
1151 4794 1246 4878 apspts
1268 4791 1395 4866 orrico,
1417 4810 1597 4876 quanquam
1619 4789 1699 4855 iilud
1721 4789 1877 4875 praefero.
1901 4829 1941 4843 -
1998 4811 2012 4832 -.

322 4899 413 4980 Quse
440 4905 524 4970 inter
546 4905 627 4969 duos
648 4921 761 4968 versus
782 4899 977 4966 Phoenicios
998 4911 1161 4984 comparet
1181 4896 1288 4986 figura
1308 4897 1445 4965 fortusse
1467 4921 1591 4968 merum
1614 4915 1841 4970 ornamentum
1866 4917 1922 4971 ert.

1026 5081 1158 5152 LXVII
1182 5099 1233 5156 sir.

445 5241 650 5310 Monumenti
677 5241 773 5309 huius
794 5255 828 5308 et
848 5243 949 5329 ipsius
967 5241 1080 5306 inediti
1100 5251 1245 5324 ectypon
1268 5257 1393 5304 mecum
1418 5243 1663 5308 communicarit
1683 5244 1733 5306 vir
1754 5239 1943 5313 honestissi-

316 5377 407 5435 mus,
435 5353 469 5422 J.
492 5355 707 5442 Doetteoay,
737 5357 935 5443 antiquarius
956 5353 1190 5435 Londiacosis,
1222 5357 1276 5442 qui
1297 5356 1401 5442 ipsum
1423 5353 1560 5444 lapidem
1581 5353 1704 5422 formae
1730 5353 1939 5443 cylindratae,
