4978 6296
950 603 1383 672 PRAEFATIO.
1930 607 1980 674 Xl

346 769 404 868 dc*
428 793 591 872 Trobbia
615 797 657 868 in
679 795 779 872 bove
805 795 921 870 aureo
948 811 1099 872 exstare
1125 809 1164 870 et
1186 817 1209 869 a
1233 793 1373 870 Lanoio
1401 816 1477 891 sq:
1506 815 1686 894 witin
1715 816 1795 919 sup
1828 799 1976 898 (sepul-
2093 833 2095 841 ¹

344 953 448 1004 crum
477 931 679 1006 Mitrachai
705 929 833 1027 Tyrii)
858 932 994 1008 lectam
1018 955 1098 1006 esse
1119 954 1358 1029 acceperam,
1391 931 1441 1005 ad
1466 933 1565 1008 hunc
1592 933 1693 1008 diem
1712 935 1879 1009 nancisci
1894 959 1973 1010 nou

340 1064 466 1160 potui,
497 1082 621 1160 neque
647 1063 760 1158 igitur
786 1061 953 1136 indicare
977 1085 1152 1160 possum,
1191 1059 1351 1160 quidde
1375 1085 1506 1138 corum
1533 1066 1762 1162 suspicione,
1798 1065 1861 1160 qui
1886 1089 1970 1146 earn

340 1193 626 1290 supposititiam
641 1203 889 1290 putaverunt,
904 1189 1149 1266 iudicandum
1164 1192 1223 1266 sit.
1255 1191 1343 1265 Alia
1360 1193 1647 1292 inscriptionum
1662 1193 1883 1288 fragmenta,
1906 1219 1968 1268 ea·

340 1345 412 1418 que
437 1345 577 1419 paucas
597 1335 748 1397 tautum
766 1321 911 1396 litteras
935 1323 1189 1412 continentia,
1215 1345 1311 1418 quae
1326 1323 1367 1394 iu
1382 1321 1493 1398 idolis
1507 1321 1669 1396 Sardicis
1683 1323 1731 1396 ab
1744 1322 1796 1394 ill.
1810 1322 1966 1398 Alberto
2057 1335 2064 1344 '

341 1450 442 1524 della
466 1451 659 1526 Marmora
682 1463 834 1549 reperta
860 1465 898 1524 et
919 1476 943 1526 a
965 1452 1032 1526 cel.
1058 1452 1169 1527 Arrio
1195 1451 1289 1526 mihi
1314 1453 1428 1526 missa
1452 1465 1558 1542 sunt,
1590 1455 1633 1526 in
1658 1451 1729 1524 boc
1744 1451 1839 1526 libro
1855 1452 1966 1528 edere

338 1603 462 1678 nequo
487 1581 595 1656 volui
619 1603 744 1679 neque
769 1583 898 1678 potui,
935 1605 1051 1680 quum
1077 1583 1171 1657 milri
1195 1581 1443 1680 significatum
1461 1596 1576 1673 esset,
1611 1582 1659 1655 ab
1675 1582 1757 1680 ipso
1771 1603 1817 1654 ea
1830 1583 1965 1656 inven-

338 1725 422 1786 tore
447 1711 556 1786 brevi
580 1710 726 1786 etlitum
751 1711 808 1784 iri.
860 1716 1068 1789 Aramaeas
1094 1713 1355 1810 inscriptiones
1379 1715 1421 1786 in
1446 1711 1621 1812 Aegypto
1647 1723 1833 1810 repertas,
1850 1728 1963 1808 'quac

338 1863 535 1940 perperam
574 1840 690 1936 vulgo
723 1839 934 1916 Phoeniciis
968 1855 1241 1918 annumeratae
1274 1853 1382 1931 suut,
1424 1865 1494 1940 pro
1529 1842 1673 1916 consilii
1706 1842 1781 1914 mci
1815 1842 1962 1916 ratione

337 1976 494 2050 fortasse
535 1970 710 2044 omittere
747 1985 938 2068 poteram:
979 1973 1046 2048 sed
1079 1963 1288 2048 rationibus
1319 1973 1391 2046 rite
1423 1971 1618 2046 subductis
1651 1994 1714 2044 aas
1756 1973 1883 2067 recepi
1925 1986 1962 2044 et

335 2102 515 2200 singulari
540 2101 673 2196 capite·
688 2103 851 2178 tractavi
874 2103 959 2200 (lib.
975 2103 1013 2176 11
1029 2127 1108 2202 cap.
1131 2105 1197 2200 8),
1225 2103 1363 2200 partim
1381 2101 1497 2175 uthis
1512 2103 1630 2176 titulis
1645 2113 1746 2174 recte
1763 2100 1961 2198 explicatis

334 2241 554 2332 appareret,
581 2229 770 2326 quomodo
798 2245 837 2304 et
862 2234 1047 2330 scriptura
1072 2245 1111 2307 et
1133 2233 1314 2306 dialectos
1330 2231 1466 2306 horum
1481 2241 1816 2306 monumentorum
1832 2253 1856 2302 a
1870 2253 1960 2304 vere

333 2360 540 2437 Phoeniciis
565 2359 748 2452 differret,
781 2363 919 2460 partim
945 2376 989 2436 ut
1014 2363 1252 2438 memorabili
1278 2361 1349 2435 hoc
1372 2364 1578 2460 scripturae
1594 2385 1729 2458 genere
1744 2360 1959 2459 palaeogra-

333 2492 463 2591 phiam
490 2501 529 2562 et
543 2489 784 2565 Phoeniciam
802 2503 841 2564 et
857 2489 1085 2566 Hebracam‘
1100 2493 1387 2566 illustraremus·
1438 2487 1547 2579 Quod
1571 2503 1610 2566 et
1633 2491 1895 2588 inscriptiones
1921 2503 1959 2562 et

334 2643 472 2696 numos
490 2619 697 2694 secundum
712 2623 883 2718 regiones
900 2620 1170 2720 disposuimus,
1196 2623 1385 2720 inquibus
1400 2619 1463 2694 vel
1478 2608 1666 2720 insculpta
1688 2621 1752 2695 vel
1768 2641 1860 2694 cusa
1871 2633 1960 2693 sunt

333 2753 427 2827 haec
452 2761 718 2840 monumenta,
747 2752 865 2850 ipsitm
889 2754 1060 2826 miratio
1081 2753 1283 2848 flagitabat.
1337 2748 1462 2840 Quum
1490 2773 1583 2825 vero
1611 2752 1726 2824 unius
1755 2751 1958 2823 alteriusve

333 2885 516 2958 lectorum
541 2893 759 2954 nostrorum
783 2884 965 2956 interesse
989 2884 1111 2980 possit
1136 2885 1229 2956 scine
1256 2895 1300 2956 et·
1319 2903 1396 2956 urm
1417 2882 1459 2954 in
1480 2895 1690 2981 conspectu.
1703 2878 1850 2966 videre,
1891 2878 1957 2950 ubi

332 3013 500 3087 locorum
525 3010 758 3110 autographa
782 3011 918 3086 horum
944 3025 1278 3087 monumentorum
1298 3035 1400 3088 nuno
1414 3027 1674 3102 asserventur,
1708 3031 1839 3085 corum
1857 3019 1957 3082 certe

332 3144 415 3217 sive
440 3141 659 3214 Museorum
686 3142 769 3215 sive
793 3139 1126 3232 bibliothecarum,
1166 3144 1365 3238 inquibus
1386 3165 1577 3218 marmora
1600 3139 1808 3217 Phoeniciis
1822 3138 1957 3212 litteris

330 3269 511 3365 inscripta
535 3279 707 3353 exstant,
736 3267 943 3342 indiculum
969 3283 1174 3344 contexere
1193 3272 1318 3346 visum
1336 3285 1410 3346 ost:
1435 3293 1637 3346 numorum
1659 3273 1759 3344 enirn
1778 3267 1957 3364 exempla

331 3400 411 3474 fere
434 3398 473 3468 in
498 3394 690 3483 omnibus,
729 3405 919 3492 quotquot
932 3412 1048 3488 sunt.
1071 3400 1375 3498 uumophylaciis
1400 3401 1646 3501 amplioribus
1670 3414 1710 3476 st
1731 3399 1891 3500 publicis
1918 3408 1956 3469 et

186 3531 206 3542 “’
330 3527 491 3626 privatis
516 3513 777 3638 reperiuntur..
843 3581 847 3590 .

457 3651 615 3730 Athenis
639 3655 687 3726 in
708 3649 842 3726 Mus'eo
868 3665 926 3726 est
951 3653 1099 3730 Athen..
1120 3661 1163 3729 6..

386 3769 392 3782 ’
455 3781 634 3860 Berolr'm'
653 3785 695 3856 iu
719 3783 852 3858 Museo
879 3795 970 3856 sunt
994 3807 1165 3880 gemmae
1192 3808 1254 3860 no.
1278 3789 1337 3858 61.
1366 3791 1424 3858 to.
1556 3829 1562 3840 ·

455 3915 501 3988 ln
526 3914 670 3988 Museo·
686 3911 800 3987 ducis.
819 3913 866 3986 de
893 3911 1036 3986 Blocos
1057 3937 1112 3973 ·-
1142 3915 1617 4012 fragmentahlucassiana
1639 3938 1700 3988 no.
1731 3917 1788 3986 14.
1819 3915 1878 3982 to.

459 4041 596 4118 Galeri
616 4044 658 4118 in
683 4041 858 4117 Sardinia
883 4081 934 4102 ·-
958 4045 1070 4118 inser.
1099 4043 1208 4120 Sard.

463 4172 764 4274 carpentoracte·
794 4169 1074 4273 (Carpentras)
1108 4175 1150 4250 in
1178 4174 1403 4252 bibliotheca
1426 4175 1628 4273 episcopali
1654 4215 1703 4230 -
1729 4173 1848 4246 inser.
1867 4163 1955 4242 Car·

331 4315 539 4404 pentoract.
566 4325 627 4376 no.
657 4309 716 4374 11.

298 4497 311 4514 .
456 4433 624 4529 Daggoe
649 4432 691 4506 in
715 4453 830 4526 regno
853 4428 1052 4506 'l'unetano
1076 4473 1128 4488 -
1152 4433 1263 4508 inser.
1290 4433 1494 4531 'luggeusis
1520 4456 1582 4508 no.
1602 4437 1661 4507 56.

452 4563 595 4660 Hagno
621 4557 812 4636 Comitum
838 4561 878 4634 in
900 4561 1033 4636 Museo
1060 4603 1110 4622 -
1141 4585 1204 4639 no.
1224 4569 1283 4638 68.

455 4691 639 4766 Hoonlae
664 4693 707 4765 in
730 4690 866 4765 Museo
891 4689 1006 4786 Regio
1033 4731 1082 4750 -
1109 4690 1234 4768 Carth.
1261 4705 1281 4766 6
1309 4704 1348 4766 et
1370 4690 1523 4766 Numid.
1551 4697 1596 4762 2..
1685 4745 1689 4756 .

457 4820 628 4895 sorados·
661 4819 698 4912 1)
725 4821 766 4893 in
799 4819 932 4894 Museo
965 4819 1180 4898 Britannico
1211 4821 1408 4898 Nomius
1444 4835 1483 4895 et
1514 4818 1654 4917 Tripol:
1682 4823 1716 4888 2.
1748 4855 1799 4867 -
1852 4817 1966 4906 1)ἰιιΙ

331 4951 463 5027 Museo
490 4951 687 5028 Societatis
712 4947 902 5024 Asiaticae
928 4949 1080 5024 Numid.
1112 4959 1143 5026 1.
1170 4992 1222 5011 -
1273 4955 1314 5050 3)
1340 4954 1380 5024 in
1404 4951 1536 5025 Museo
1559 4945 1713 5021 militari
1741 4957 1780 5017 et
1805 4947 1956 5018 nautico

330 5080 468 5158 Athen.
494 5091 527 5156 1.
559 5126 605 5138 -
657 5083 698 5178 4)
725 5082 766 5154 in
792 5081 925 5155 Museo
951 5080 1179 5178 Rogersiano
1207 5105 1379 5158 monum.
1408 5091 1556 5176 aegypt.
1583 5099 1700 5150 aram.
1723 5099 1784 5150 no.
1814 5081 1874 5149 72.
1907 5117 1957 5130 -

332 5212 371 5304 5)
395 5193 438 5284 iu'
460 5211 680 5286 collectione
706 5209 767 5284 Sir
792 5209 960 5286 Thomas
987 5211 1128 5286 llcadii.
1156 5209 1283 5286 Carth.
1314 5218 1371 5283 11.
1399 5215 1456 5280 12.
1486 5212 1531 5280 13
1560 5208 1620 5304 (v.
1645 5204 1809 5305 append.
1828 5206 1881 5298 2).
1909 5246 1957 5258 -

332 5341 372 5437 6)
396 5364 516 5442 prope
542 5339 759 5418 Londiuum
785 5341 828 5413 in
852 5340 963 5417 horto
989 5345 1091 5442 regio
1127 5341 1336 5440 Virgrinb-
1355 5341 1495 5412 Water
1520 5336 1660 5436 'lhipol'
1679 5340 1711 5413 1.
1733 5337 1917 5432 bilinguis.
