5004 6306
490 669 568 746 284
637 663 770 733 LIBER
791 659 994 729 TERTIUS.
1034 659 1096 726 1111
1117 657 1259 728 NUMlS
1280 655 1541 724 Pnonmctls.
1587 653 1737 724 CAPUT
1758 654 2016 725 SECUNDUM.
2130 695 2135 700 ·

493 859 516 922 i.
539 878 569 922 e.
595 877 651 942 per
674 873 806 930 navem,
840 848 893 916 rel
922 869 979 934 per
1007 867 1118 913 neres.
1161 849 1290 912 Etenim
1312 849 1484 934 secundem
1512 842 1636 933 p'rimae
1658 847 1749 909 vocis
1777 843 1915 910 litteram
1940 843 2021 910 Zein
2044 866 2117 911 esee

494 968 542 1035 nil
570 967 698 1044 dubito,
735 965 831 1050 idque
859 963 1102 1049 antiquissimae
1130 958 1218 1026 illies
1248 961 1392 1040 formae,
1429 961 1514 1026 unde
1546 958 1662 1024 Graeci
1693 956 1774 1022 Zeta
1800 957 1963 1025 faciebant
1990 956 2069 1043 (lib.
2099 955 2117 1024 1

400 1069 405 1076 ’
491 1084 521 1162 1.
552 1083 621 1164 18).
675 1093 750 1148 tatu
790 1093 897 1140 autem
927 1075 1013 1139 idem
1042 1073 1233 1140 vocabulum
1262 1089 1311 1138 cst
1339 1087 1434 1161 atque
1464 1085 1550 1162 'teta
1588 1075 1620 1136 in
1646 1074 1752 1136 numia
1781 1069 1819 1136 A.
1850 1070 1914 1136 B«
1945 1069 2026 1136 Cure
2059 1070 2118 1136 hae

493 1191 667 1280 epigraphe
698 1190 781 1255 hene
809 1190 959 1276 congruit
986 1185 1099 1263 atella,
1136 1209 1227 1273 quam
1260 1189 1308 1250 vir
1335 1208 1418 1272 pone
1449 1207 1577 1252 currum
1607 1186 1759 1249 incedens
1797 1182 1847 1248 vel
1877 1205 1974 1250 mann
2003 1182 2056 1248 rel
2084 1187 2119 1250 in

494 1303 707 1390 haoeloprae
730 1301 866 1380 ecfert,
901 1322 995 1388 quarn
1027 1299 1114 1366 levis
1141 1304 1165 1365 i.
1187 1321 1216 1368 e.
1245 1298 1406 1365 Fortunae
1434 1298 1560 1365 stellam
1588 1319 1660 1362 esse
1683 1299 1871 1383 putaverim.
1915 1295 2002 1388 Vide
2024 1319 2120 1384 supra

496 1439 626 1486 numam
648 1416 692 1482 A.

1261 1495 1353 1563 Vlll.

819 1613 1164 1684 INCERTAE
1201 1613 1525 1684 CILICIAE
1567 1611 1790 1681 URBES.

626 1755 669 1822 H.
713 1755 785 1822 Leo
804 1773 931 1819 cereum
953 1752 1124 1818 deucrous.
1152 1753 1264 1838 Epigr.
1287 1753 1411 1824 brerae.
1446 1749 1475 1838 )(
1510 1749 1588 1815 Sine
1610 1751 1724 1816 lorrna.
1767 1751 1818 1815 Ex
1842 1748 1989 1838 exemplo
2011 1749 2119 1817 Musei

498 1867 687 1936 Britannici.
731 1866 767 1932 ln
791 1865 863 1931 aliis
884 1887 998 1930 aversa
1019 1865 1117 1932 habet
1137 1865 1312 1930 Herculem
1334 1864 1380 1929 ed
1400 1887 1444 1943 1.,
1468 1865 1593 1930 dextro
1608 1866 1750 1942 elevem,
1772 1885 1798 1928 e.
1816 1885 1936 1928 arcum.
1979 1861 2121 1928 Pellerin

497 1981 565 2063 111,
594 1983 638 2069 pl.
663 1987 724 2046 122
746 2003 800 2044 no.
824 1985 864 2043 10
893 1979 968 2064 (nbi
997 1993 1104 2044 tamen
1134 1977 1311 2065 epigraphe
1340 1955 1423 2041 male
1451 1980 1537 2064 picta
1559 1977 1638 2060 ert).
1680 1975 1828 2042 Mionnet
1850 1975 1892 2042 T.
1913 1974 1962 2041 111
1989 1997 2021 2062 p.
2043 1981 2118 2056 663,

456 2105 459 2112 “
500 2118 553 2162 no.
577 2099 650 2160 617.
674 2099 737 2158 619
759 2090 822 2180 (pl.
844 2089 948 2156 XXII
972 2112 1023 2155 uo.
1039 2097 1092 2156 20.
1111 2094 1190 2175 11),
1219 2089 1276 2156 nbi
1298 2093 1332 2156 in
1354 2089 1456 2154 nitere
1479 2087 1627 2176 exemplo
1650 2105 1698 2154 eat
1720 2091 1812 2160 beate
1834 2093 1905 2154 aine
1927 2091 1958 2160 b.

625 2203 809 2293 Epigraphe
837 2205 871 2268 in
900 2191 1056 2288 erremplie
1086 2201 1323 2268 Parisiensibus
1351 2203 1604 2267 etLondinenri
1626 2203 1797 2268 admodum
1819 2203 2119 2280 thalcamenes,

500 2325 591 2408 beau
620 2317 703 2384 hanc
733 2330 893 2382 monetam
922 2317 1043 2380 indicet
1070 2317 1104 2380 in
1133 2313 1268 2384 Ciliciae
1298 2317 1434 2402 quadam
1462 2315 1542 2380 urbe
1571 2317 1665 2388 beau
1696 2313 1858 2400 (tumulus
1880 2314 2013 2401 Baalia)
2036 2318 2121 2381 dicta

500 2456 610 2500 coeam
640 2450 728 2495 esee:
765 2432 821 2495 aed
851 2429 1011 2514 quomodo
1039 2426 1120 2492 haec
1147 2451 1167 2492 a
1196 2427 1329 2494 Graecis
1356 2426 1553 2516 appelletur,
1585 2429 1708 2493 discere
1730 2427 1834 2508 malo,
1871 2450 1967 2516 qnam
1988 2429 2119 2493 docere:

500 2568 597 2634 quum
618 2557 651 2608 et
672 2543 826 2607 adversae
848 2553 880 2604 et
901 2562 1033 2606 eversae
1055 2555 1148 2629 typus
1169 2539 1315 2628 pluribus
1338 2545 1407 2606 eius
1429 2544 1570 2628 regionis
1595 2540 1728 2606 urbibus
1750 2545 1928 2606 communis
1941 2543 1991 2604 cit.
2034 2537 2120 2605 Num
2143 2605 2147 2614 ,

500 2657 583 2725 forte
616 2655 697 2721 otte
718 2667 767 2720 est
797 2653 897 2739 (Ihel
913 2657 1034 2719 senaim
1056 2667 1177 2719 mutato
1199 2657 1231 2718 in
1260 2654 1381 2739 olea),
1415 2677 1456 2718 an
1479 2653 1697 2733 Anazarbus,
1728 2676 1810 2740 quac
1834 2669 1965 2740 utraque
1987 2652 2064 2718 urbs
2086 2656 2119 2716 in
2151 2637 2155 2644 ¹
2201 2687 2204 2695 ,

499 2785 609 2837 monta
630 2770 693 2834 sita
715 2767 806 2831 erati
830 2805 869 2858 7-
906 2753 1167 2834 Hamalrcrns'in
1191 2765 1329 2850 Miscell.
1354 2789 1384 2852 p.
1403 2771 1443 2831 45
1467 2742 1550 2830 banc
1572 2763 1769 2852 epigraphen
1787 2780 1924 2830 tractans
1945 2765 2121 2830 secnndam

500 2885 640 2950 nominis
662 2881 784 2966 proprii
804 2877 944 2944 litteram
967 2877 1090 2945 Graeco
1111 2881 1146 2944 N
1164 2877 1303 2946 similem
1325 2881 1421 2943 etiarn
1442 2881 1475 2942 in
1502 2877 1562 2943 hac
1580 2879 1758 2944 litteratura
1778 2879 1857 2944 Nea
1871 2899 1942 2944 esse
1958 2879 2122 2944 contendit

501 3011 534 3060 et
564 3015 682 3080 magno
713 3005 868 3078 apparatu
898 2991 1147 3056 demonstratum
1175 2993 1218 3071 it,
1255 2993 1313 3056 sed
1342 2993 1541 3078 argumentis
1569 3013 1646 3056 usus
1674 2993 1714 3056 ad
1743 2991 1879 3058 nihilum
1901 2990 2120 3072 redeuntibus,

503 3128 682 3196 quenquam
704 3107 772 3190 ipae
794 3103 876 3168 hano
894 3105 963 3168 eius
976 3101 1101 3168 litterae
1116 3115 1303 3190 potestatem
1317 3107 1363 3168 ita
1375 3103 1528 3189 probasse
1541 3102 1604 3170 sihi
1619 3105 1754 3184 videtur,
1776 3105 1838 3184 '„ut
1852 3103 1934 3170 nihil
1948 3105 1988 3168 ed
2003 3119 2121 3168 certam

501 3225 550 3288 rei
572 3218 876 3284 demonstrationem
899 3215 1016 3280 desit.“
1058 3213 1216 3281 Provocat
1237 3219 1288 3280 vir
1310 3217 1421 3281 doctus
1452 3223 1485 3300 1)
1510 3219 1549 3282 ad
1571 3220 1666 3282 inrcr.
1689 3215 1821 3282 Nemid.
1843 3223 1863 3284 3
1884 3215 1942 3282 lin.
1963 3225 1983 3281 2
2005 3215 2066 3283 litt.
2090 3225 2120 3300 1,

501 3331 558 3398 nbi
581 3331 677 3396 huius
698 3329 825 3393 litterae
847 3331 996 3392 inversae
1019 3327 1202 3414 exemplum
1223 3329 1281 3393 rit:
1310 3331 1366 3394 sed
1389 3328 1450 3394 hoc
1471 3332 1599 3417 signnm
1620 3329 1715 3416 plane
1738 3332 1900 3397 diversum
1923 3328 2121 3408 sabinense,

502 3466 587 3512 nnnc
615 3444 770 3528 expositis
799 3441 974 3526 scripturae
1004 3437 1194 3526 Numidicae
1219 3437 1346 3528 legibus
1373 3463 1468 3506 neruo
1497 3441 1673 3519 dubitabit3
1699 3431 1743 3525 Ι2)
1772 3443 1812 3506 ad
1841 3442 1945 3508 Melit.
1968 3449 1999 3522 3,
2020 3442 2121 3508 lima

500 3557 560 3623 1111.
582 3569 681 3634 extr„
711 3553 768 3619 ubi
789 3553 851 3619 hoc
873 3557 1019 3640 signum,
1048 3566 1084 3617 ut
1104 3551 1201 3633 alibi,
1230 3553 1298 3619 Jod
1317 3575 1407 3635 esse,
1437 3571 1469 3619 et
1490 3535 1669 3620 llamaheri
1691 3553 1937 3642 explicationem
1959 3555 2037 3621 ferri
2058 3577 2123 3622 non

502 3691 612 3758 pocae,
650 3689 746 3754 supra
775 3667 913 3731 vidimus
944 3663 1039 3754 (pag.
1070 3671 1142 3732 107.
1172 3667 1270 3752 108);
1310 3670 1343 3752 3)
1368 3669 1408 3732 ad
1438 3689 1551 3732 numos
1582 3683 1725 3746 nostros,
1761 3691 1894 3756 quarum
1925 3669 2121 3756 epigraphen

501 3781 581 3871 legit
602 3786 700 3853 bezae
719 3779 886 3880 (berung),
916 3781 985 3844 sive
1016 3781 1079 3842 viri
1107 3800 1223 3843 nemen
1251 3781 1413 3866 proprium
1435 3782 1478 3844 sit
1508 3779 1641 3862 (occulus
1664 3777 1812 3864 Baulis),
1841 3783 1911 3845 rive
1932 3781 1998 3848 loci
2028 3783 2039 3860 l
2065 3805 2122 3848 our

503 3895 653 3980 Boulis).
697 3893 761 3959 Sed
791 3897 884 3962 besu
912 3913 977 3958 non
1006 3893 1112 3956 minua
1134 3905 1241 3978 aptum
1264 3913 1336 3956 esse
1358 3913 1474 3956 nomen
1497 3895 1658 3978 preprium
1681 3890 1745 3956 loci
1774 3893 1855 3976 (viri
1877 3917 1993 3960 nomen
2015 3899 2049 3962 in
2071 3895 2122 3962 his

504 4009 608 4072 numia
636 4009 693 4072 vix
720 4007 926 4092 exspectes),
962 4025 1056 4069 nemo
1085 4003 1231 4090 negabit:
1263 4003 1350 4068 illins
1378 4019 1483 4068 autern
1511 4007 1597 4091 signi
1626 4019 1765 4092 potestas
1785 4005 1854 4072 Jod
1873 4009 1969 4072 etiam
1992 4007 2122 4072 aliunde

502 4121 549 4182 ita
577 4117 711 4202 probata
739 4133 806 4197 est,
840 4132 877 4182 ut
904 4115 1094 4182 dubitationi
1122 4115 1213 4180 locus
1243 4115 1373 4181 relictus
1409 4139 1473 4182 non
1505 4120 1555 4182 sit.
1606 4103 1691 4182 Vide
1727 4119 1830 4206 (quod
1860 4121 1901 4186 ab
1934 4119 2122 4185 Hamalreru

502 4227 702 4316 neglectum)
725 4250 839 4294 numos
860 4227 992 4294 Coetur.
1014 4227 1051 4293 F.
1074 4226 1114 4292 N.
1136 4227 1166 4292 Ο
1190 4229 1241 4314 (ἰιι
1265 4229 1378 4313 naeth)
1402 4241 1434 4294 ct
1454 4229 1584 4295 Numid.
1607 4236 1628 4295 6
1662 4237 1700 4312 7,
1722 4235 1755 4296 in
1778 4232 1894 4320 quibes
1912 4233 2122 4320 hoc'signnm

502 4343 676 4410 identidem
694 4343 858 4428 repetitur.
901 4339 1021 4420 Unum,
1043 4341 1128 4427 quod
1145 4363 1216 4406 cum
1231 4345 1300 4406 veri
1316 4345 1421 4428 specie
1438 4345 1554 4431 opponi
1568 4346 1688 4431 possit,
1710 4345 1851 4426 honest,
1875 4349 1907 4410 in
1923 4348 2002 4430 ipsis
2016 4347 2122 4410 nuruis

503 4453 627 4522 Ciliciis
647 4457 774 4540 signum
791 4453 866 4518 hnic
880 4451 1078 4519 simillimum
1103 4455 1154 4538 (in
1172 4476 1269 4519 numo
1284 4453 1334 4540 G)
1358 4452 1442 4520 Soio
1458 4477 1549 4535 etse,
1565 4471 1604 4520 et
1617 4473 1785 4545 propterea
1799 4459 1934 4522 lortaare
1948 4455 2121 4542 legendnm

503 4591 575 4636 esce
599 4569 693 4640 baert
718 4565 857 4659 (591119,
880 4567 1012 4658 5911119)
1035 4565 1134 4632 robur
1154 4565 1280 4632 Boulis.
1325 4565 1418 4644 Quod
1432 4590 1611 4654 quanquam
1629 4593 1691 4635 non
1707 4570 1861 4636 absonum
1877 4569 1986 4632 luerit:
2013 4581 2120 4634 tamen

503 4683 581 4750 duat
604 4679 731 4746 litteras
761 4683 814 4763 (in
834 4677 948 4744 litt.G
978 4693 1009 4743 et
1033 4682 1067 4743 in
1091 4681 1222 4764 nostro)
1250 4685 1429 4746 accuratius
1460 4703 1646 4768 comparans
1671 4681 1766 4747 iacila
1787 4679 1962 4767 intelliget,
1998 4679 2126 4768 figurae

502 4817 612 4862 earum
633 4797 718 4859 inter
739 4815 774 4858 se
796 4793 937 4858 differre.
981 4789 1051 4876 (Aa
1073 4790 1178 4857 litt.G
1201 4793 1241 4858 cl.
1265 4817 1294 4880 p.
1316 4801 1373 4874 27,
1397 4796 1436 4859 ad
1458 4793 1519 4862 litt.
1535 4795 1568 4860 H
1589 4817 1621 4880 p.
1643 4801 1682 4860 31
1707 4817 1759 4859 no.
1777 4795 1909 4878 1617).

628 4905 653 4975 Ι.
696 4907 858 4973 Herculea
873 4907 920 4971 od
933 4905 1105 4986 dextram,
1128 4905 1253 4971 deutra
1268 4906 1398 4974 tulleta
1412 4909 1554 4986 clavem,
1575 4913 1713 4973 sinistra
1728 4912 1836 4970 nescio
1853 4905 1933 4992 qart'd
1944 4916 2059 4973 terrena
2080 4909 2127 4997 )(.,

503 5015 574 5082 nee
597 5041 724 5086 cereum
746 5021 931 5106 deposcent.
974 5021 1085 5108 Epigr.
1115 5021 1254 5106 1171199.
1298 5019 1367 5085 ΑΕ.
1411 5020 1463 5087 Ad
1485 5018 1622 5106 exempl.
1654 5018 1754 5083 Paris.
1784 5039 1825 5082 ex
1854 5017 1951 5085 delin.
1974 5019 2139 5086 Hohlen·'

365 5143 376 5168 ι
490 5107 612 5216 1161311.
657 5131 916 5198 Cl.Mionnetl.
940 5155 969 5200 c.
994 5155 1046 5199 no.
1070 5138 1143 5199 615.
1167 5139 1239 5198 616.
1263 5129 1637 5218 (ρ1.11,ιιο.18.19).
1682 5129 1820 5196 Pellerin
1844 5130 1866 5196 l.
1890 5155 1916 5198 o.
1941 5156 1993 5198 ne.
2014 5139 2045 5198 9.

628 5241 680 5308 Ex
711 5243 811 5309 altero
833 5245 980 5332 exemplo
1001 5245 1162 5312 Mienneti
1184 5269 1236 5311 no.
1261 5253 1300 5311 19
1323 5249 1434 5332 repetii
1457 5241 1651 5332 epigraphen
1675 5263 1771 5307 numo
1795 5245 2028 5334 subscriptam,
2059 5246 2117 5311 sub

500 5353 561 5420 litt.
583 5351 599 5418 l
620 5353 687 5436 hir,
719 5359 784 5446 *the
808 5361 911 5439 heah,
941 5359 998 5423 eod
1021 5357 1282 5444 Hohlenhergiea
1305 5359 1473 5438 observat,
1504 5358 1693 5442 scripturam
1716 5357 1761 5423 ibi
1784 5361 1915 5426 minime
1936 5361 2116 5426 distinctam
