4906 6300
503 647 848 717 luscnlr'rlottus
869 637 1162 724 MELl'l'llNSES,
1205 649 1248 718 11.
1271 650 1542 720 MELl'l‘ENSlS
1565 649 1758 722 ALTERA.
1872 658 1941 736 103

206 860 212 869 ·
320 835 465 905 Omnino
487 852 594 903 autem
616 839 698 904 duue
720 839 923 926 potissimum
941 836 1069 904 litterae
1085 841 1119 904 in
1132 837 1194 906 hoe
1208 839 1302 906 titulo
1316 855 1494 906 memoratu
1515 843 1633 929 dignae
1655 857 1744 909 suut:
1770 845 1802 928 t)
1821 843 1939 924 Recole,

319 955 412 1018 cuiue
433 949 551 1016 collum
565 951 685 1038 ubique
702 951 826 1017 duabus
839 947 934 1018 lineis
947 965 1091 1036 onustat,
1114 967 1207 1039 capnt
1224 975 1450 1038 nonnunquam
1473 953 1549 1038 (liu.
1564 961 1594 1021 3.
1606 955 1649 1040 4)
1673 957 1856 1042 depressum
1881 974 1941 1035 est,

319 1077 355 1128 ιιι
377 1065 418 1128 ed
437 1083 509 1128 cem
530 1063 668 1129 sormam
689 1085 788 1150 prope
810 1067 957 1145 accedat,
998 1088 1080 1153 quee
1111 1067 1145 1128 in
1171 1069 1548 1153 eremaen-acgyptiucis
1577 1081 1611 1131 et
1630 1067 1794 1134 nonnullis
1817 1067 1942 1154 Palmy-

319 1178 409 1242 renis
438 1190 504 1252 est;
539 1183 574 1258 2)
597 1175 671 1255 He,
708 1179 792 1262 qood
819 1197 903 1242 vers.
924 1186 944 1242 2
966 1192 1015 1243 ter
1043 1177 1104 1243 tibi
1134 1180 1289 1256 occurrit,
1326 1192 1358 1242 ct
1379 1183 1424 1242 ite
1445 1177 1563 1244 lectum
1584 1193 1634 1245 est
1656 1179 1696 1244 eb
1715 1181 1941 1266 interpretibus

321 1290 444 1356 cunmie
465 1301 593 1374 praeter
607 1286 843 1372 Tycheeuium,
871 1292 923 1354 cui
943 1289 1024 1355 hoec
1043 1287 1150 1354 littere
1170 1287 1239 1354 Jod
1257 1305 1316 1355 est.
1360 1289 1465 1367 Quam
1489 1293 1617 1378 quidem
1639 1313 1768 1358 causent
1790 1296 1844 1380 qui
1864 1293 1943 1360 solis

318 1399 596 1488 palaeographicis
619 1399 799 1468 rationibus
821 1404 997 1468 diiudicare
1019 1401 1114 1482 velit,
1146 1405 1179 1466 in
1204 1401 1380 1486 'l'ychseuii
1397 1407 1587 1468 sententium
1607 1403 1702 1474 facile
1721 1403 1942 1482 inclinaverim

321 1519 431 1580 noitre
444 1516 532 1578 enim
548 1511 655 1599 figure
669 1513 765 1579 facile
784 1519 860 1582 oriri
873 1530 996 1602 poterat
1013 1537 1055 1580 ex
1073 1513 1147 1597 illu,
1171 1537 1266 1601 quam
1283 1513 1345 1580 Jod
1368 1515 1466 1580 hebet
1486 1519 1519 1580 in
1536 1515 1700 1582 Meliteusi
1720 1521 1832 1603 prime.
1849 1535 1864 1547 ··
1877 1519 1941 1584 Sed

320 1626 397 1692 lunio
413 1623 609 1692 simillimam
622 1623 760 1712 figurem
775 1625 873 1693 hebet
885 1631 982 1692 etiam
990 1629 1047 1694 He
1060 1631 1093 1692 iu
1109 1631 1265 1714 scripture
1277 1630 1642 1714 erameeo-eegyptiacu
1657 1642 1689 1692 et
1701 1631 1735 1694 iu
1744 1629 1942 1714 Palmyrenis

320 1736 475 1804 Romania
496 1738 509 1822 (
518 1738 604 1802 nude
620 1739 654 1802 in
673 1740 830 1824 scriptura
844 1741 1034 1826 quadrata):
1065 1743 1157 1827 eique
1179 1739 1306 1805 litterae
1324 1743 1417 1805 unice
1433 1739 1520 1804 luvet
1533 1740 1704 1806 verborum
1719 1743 1813 1806 ratio.

448 1875 479 1930 2.
509 1863 590 1942 'Qui
618 1868 739 1952 primus
771 1873 912 1934 omnium
943 1867 1027 1932 hane
1054 1870 1294 1954 inscriptionem
1316 1884 1488 1949 memoret,
1522 1867 1766 1953 Barthelemyus
1788 1869 1944 1957 (Journal
2034 1957 2036 1962 Ι

319 1981 378 2044 des
407 1977 531 2043 Serene
562 1982 662 2058 1761,
693 1982 776 2044 suite
805 1981 846 2045 de
872 1980 951 2046 Dec.
983 2003 1014 2068 p.
1034 1981 1098 2068 84)
1127 1979 1398 2046 delineationibus
1426 1985 1564 2067 atneptis
1592 1997 1627 2046 ut
1650 1984 1774 2046 videtur
1795 1981 1941 2048 diffidens

317 2092 445 2177 sibique
465 2092 527 2176 ipsi
549 2111 612 2156 non
635 2093 856 2173 satisfaciens,
882 2092 924 2158 ab
945 2095 1210 2179 interpretatione
1232 2097 1302 2158 eius
1325 2093 1479 2158 abstinuit
1492 2107 1588 2180 atque
1603 2096 1637 2158 in
1652 2092 1767 2160 litteris
1784 2111 1940 2181 utcunque

318 2203 511 2268 definiendis
533 2205 704 2288 acquievit.
748 2205 801 2270 Ex
823 2204 1011 2294 alphabeto,
1040 2205 1125 2293 quod
1148 2228 1190 2270 ex
1207 2227 1247 2270 ea
1262 2203 1507 2292 composuitB.‚
1528 2204 1589 2270 hec
1605 2221 1776 2272 annotasse
1792 2207 1939 2285 sufficiat,

317 2375 457 2441 litterum
501 2357 571 2462 [Ν
614 2387 664 2439 ιιι
698 2373 827 2442 obviam
853 2375 911 2441 liu.
934 2383 955 2440 2
982 2377 1014 2442 ei
1045 2377 1148 2442 visam
1176 2393 1248 2440 esee
1280 2374 1353 2455 He,
1392 2373 1451 2442 lit't.
1480 2382 1500 2441 3
1527 2374 1584 2442 lin.
1615 2382 1636 2442 3
1677 2376 1764 2454 Vae,
1802 2373 1940 2442 litteram

317 2561 485 2626 minimam
498 2562 583 2626 inter
598 2573 768 2646 utrumque
782 2559 836 2624 Hc
852 2557 909 2625 liu.
926 2568 947 2626 2
962 2559 1046 2639 Jod,
1068 2561 1152 2646 qued
1169 2561 1296 2646 quidem
1311 2573 1504 2644 postremum
1521 2565 1578 2627 vix
1592 2561 1770 2626 ferendum.
1815 2560 1940 2626 Maiore

318 2694 407 2738 nnnc
426 2673 554 2760 quidem
574 2693 823 2739 sememonten
846 2687 897 2739 est
914 2673 1073 2739 Swruros
1093 2671 1115 2737 t
1138 2695 1188 2751 c.‚
1219 2675 1274 2760 qui
1295 2675 1454 2759 integrum
1474 2675 1715 2761 inscriptionem
1736 2676 1782 2738 ite
1802 2671 1881 2760 legit
1908 2688 1941 2737 ιι

317 2787 563 2872 interpretator:

907 2871 1312 2961 mmmmm

951 3001 1030 3053 -uu
1053 2998 1119 3054 rum
1140 2985 1229 3053 uben
1251 2999 1313 3074 erp:

944 3113 1034 3196 ,ιιι
1057 3115 1131 3166 nu:
1155 3113 1198 3168 cn
1222 3109 1311 3190 uun

1081 3211 1196 3297 pem
1215 3227 1251 3296 1:
1274 3212 1316 3280 bu

526 3319 696 3387 Penetrale
716 3323 830 3389 domae
851 3317 952 3388 seculi
973 3319 1154 3408 sepulcrum
1178 3323 1314 3408 depositi

528 3431 607 3500 clari
629 3435 643 3517 (
651 3437 732 3519 viri)
753 3433 1080 3501 consummationibus
1103 3437 1147 3516 (i.
1162 3455 1190 3499 e.
1214 3435 1366 3518 omnino)
1389 3435 1586 3500 dormientis.
1630 3431 1712 3500 Dili-

523 3567 604 3634 gens
624 3547 739 3633 (eum)
760 3561 937 3614 commotus
959 3559 1008 3612 eet
1030 3543 1185 3633 populus,
1214 3568 1311 3633 quum
1333 3564 1507 3634 poneretur
1527 3547 1757 3636 (sepeliretur)
1780 3545 1904 3611 Hunni·

524 3656 580 3724 bel
600 3657 689 3725 filius
710 3657 901 3724 Bermeleci.
934 3697 939 3708 ·

314 3767 524 3854 Singulerum
544 3769 725 3837 litterarum
738 3785 928 3858 potestatem
950 3773 979 3834 ir
1001 3791 1054 3834 me
1073 3754 1178 3835 iudice
1201 3782 1287 3835 recte
1308 3769 1472 3851 definivit,
1500 3787 1588 3838 recte
1609 3775 1705 3836 etium
1727 3772 1767 3837 ab
1790 3773 1882 3835 initio
1905 3786 1937 3834 et

314 3880 379 3946 sab
392 3879 489 3948 finem
505 3883 632 3970 singula
647 3886 746 3950 verbe
760 3897 792 3950 et
805 3884 919 3948 dividit
932 3897 964 3948 ιι
977 3885 1201 3969 interpretetus
1215 3895 1279 3948 cstr
1294 3885 1328 3948 in
1343 3883 1451 3948 media
1462 3897 1583 3949 tuntum
1597 3898 1687 3970 perte
1699 3885 1935 3969 interpretanda
2011 3896 2015 3910 '

306 4007 351 4078 ‚ct
379 3993 413 4058 in
444 3998 539 4062 totius
566 3999 784 4084 inscriptionis
813 4011 925 4060 tenore
952 3995 1125 4060 indicando
1154 4015 1268 4081 perum
1294 3994 1431 4061 feliciter
1458 4010 1604 4061 versatus
1632 4011 1690 4061 est.
1735 3993 1808 4060 Non
1833 4000 1935 4084 megin

314 4121 423 4171 temen
453 4109 656 4174 satisfaciunt
684 4112 865 4197 quicunque
890 4122 962 4194 post
990 4107 1190 4174 Swiutonem
1217 4105 1303 4174 huno
1329 4105 1457 4176 titulum
1485 4123 1679 4188 tractarunt,
1719 4107 1808 4174 velut
1832 4110 1867 4174 0.
1894 4108 1934 4174 G.

321 4217 485 4303 Tycdterr,
507 4221 680 4307 Koppt'ur,
704 4221 960 4302 Drummocdrts,
983 4241 1095 4286 omues
1116 4241 1156 4286 co
1176 4223 1319 4286 maxime
1334 4224 1463 4288 nomine
1481 4220 1755 4308 reprehendendi,
1778 4224 1861 4309 quod
1879 4219 1935 4286 elii

314 4329 396 4396 elien
428 4330 551 4398 litteras
578 4357 599 4399 a
628 4333 793 4400 Swiutone
822 4336 900 4399 satis
917 4331 1012 4398 *berre
1040 4330 1192 4398 definitos
1225 4334 1260 4398 in
1292 4331 1391 4400 aliem
1417 4347 1608 4422 potestatem
1636 4336 1835 4423 detorquent.
1887 4333 1935 4398 Ac

313 4441 531 4510 'l'rcrrsnurns
554 4447 607 4531 (in
630 4449 722 4514 Actis
744 4445 856 4534 Vpsel.
878 4443 953 4509 Vol.
974 4442 1075 4528 Vll.)
1097 4444 1225 4530 quidem
1238 4447 1292 4510 'ita
1311 4445 1411 4534 legit:

902 4561 973 4628 buu:
996 4573 1064 4646 *rep
1089 4559 1195 4628 ciue:
1219 4579 1287 4628 ιιιι

990 4674 1287 4758 mmmmm

990 4798 1051 4852 :rer
1072 4794 1165 4878 utere,
1188 4801 1284 4855 neue

1057 4898 1290 4982 mmmm
1414 4891 1417 4898 ’

609 5005 771 5074 Concleve
790 5011 825 5073 in
847 5005 1036 5073 abscondito
1058 5020 1109 5073 est
1128 5007 1321 5094 sepulcrum.
1365 4993 1538 5094 Depositus
1560 5009 1621 5074 luit

552 5179 557 5185 .
607 5145 706 5209 purus
727 5136 947 5188 consummate
966 5145 1025 5188 sou
1048 5121 1293 5210 pulchritudine.
1337 5117 1429 5185 Odor

606 5234 849 5302 refocillationis
872 5258 890 5299 e
914 5235 1037 5301 tumulo
1059 5237 1185 5302 Heuni-

606 5347 690 5416 belis
711 5346 773 5414 filii
794 5347 995 5414 Bermelech.
