5044 6298
844 643 1046 718 Llnnttnn
1066 642 1263 717 INDOLES
1285 647 1346 718 tt't
1368 647 1593 718 HISTORIA.
1957 657 2029 734 dit

402 841 590 929 prodiderat
610 841 656 925 ·):
686 841 755 904 imo
775 849 869 904 texto
885 823 1000 904 saoulo'
1017 835 1194 924 Prosopins
1208 837 1341 904 Mauros
1363 837 1501 922 Libyam
1517 838 1557 902 ad
1574 836 1726 904 Herculis
1747 857 1847 926 usqae
1863 839 2029 909 ooiutsuts

311 947 316 958 '
402 954 586 1020 habitantes
616 953 771 1020 Φοινίκων
798 949 941 1037 ptuisset
969 948 1059 1036 loqui
1081 965 1189 1016 narrat
1212 951 1265 1037 ¹'⁸').
1309 949 1402 1028 Quae
1422 954 1457 1016 in
1477 947 1634 1037 Cypriani
1656 963 1689 1014 et
1709 950 1880 1038 Augustini
1899 957 2029 1042 seriptis

403 1081 497 1154 atque
533 1068 568 1130 iu
604 1063 812 1132 eonoiliorum
846 1061 1072 1128 Airioauorum
1108 1066 1188 1130 antis
1223 1067 1448 1150 repetiunmr‚
1490 1065 1677 1150 oppidorum
1714 1068 1846 1130 nomina
1878 1065 2029 1156 pleraque

402 1180 525 1246 Punieo
551 1191 642 1258 sunt,
678 1191 790 1244 eontra
821 1179 1044 1264 episcoporum
1075 1177 1207 1242 uomina
1238 1181 1412 1244 maximum
1449 1191 1571 1263 partam
1605 1175 1743 1242 Latinae
1774 1181 1909 1265 originis
1946 1182 2029 1266 **‘)=

401 1291 487 1380 quod
517 1309 613 1358 nemo
631 1291 830 1382 mirabitur,
875 1291 930 1376 qui
959 1289 1161 1368 meminerit,
1202 1291 1333 1355 nomina
1363 1291 1488 1376 proptia
1524 1287 1667 1353 loentum
1704 1308 1803 1378 saepo
1841 1311 1897 1376 per
1930 1293 2030 1360 multa

401 1403 511 1471 secula
546 1405 659 1470 eadem
692 1423 823 1470 manem
856 1417 889 1468 et
916 1405 950 1466 iu
977 1395 1060 1467 alias
1090 1400 1218 1488 linguas
1246 1401 1431 1482 transferri,
1469 1401 1634 1467 bominum
1663 1423 1740 1468 vero
1774 1408 1904 1470 uotttins
1932 1406 2030 1472 insila

403 1537 506 1584 nosse
535 1515 666 1604 linguae
696 1535 865 1605 notaeque
885 1515 1053 1602 religionis
1076 1515 1257 1582 rationibus
1279 1513 1526 1582 accommodari.
1846 1493 1849 1498 ¹

1168 1753 1197 1832 t.
1240 1757 1271 1818 a.

446 1893 636 1958 Punicae
664 1882 841 1976 lt'ng'ttae
868 1895 1063 1976 uestigia
1094 1909 1182 1954 nunt
1217 1893 1260 1952 t'tt
1291 1880 1513 1952 ltodt'erttt't
1544 1883 1790 1974 quibusdan
1820 1892 1987 1976 linguis

1096 2005 1340 2086 supersint?

530 2185 669 2248 Punicae
692 2179 823 2268 linguae
847 2182 982 2270 vestigia
1004 2184 1102 2245 etism
1124 2202 1209 2246 nuno
1230 2178 1283 2244 vel
1297 2183 1331 2246 in
1348 2165 1568 2246 Melitensium
1587 2179 1722 2246 dialecto
1737 2180 1788 2246 vel
1803 2185 1835 2246 io
1847 2181 2029 2246 Hiberniae

403 2321 430 2364 s.
464 2296 548 2362 ltiea
583 2295 695 2382 lingua
732 2295 920 2379 superesse,
957 2291 1145 2380 pervulgata
1182 2307 1231 2358 est
1260 2295 1370 2378 opinio
1396 2294 1442 2382 ⁸ttb
1471 2297 1550 2380 ipsis
1583 2298 1723 2360 maxime
1750 2293 1969 2360 Melitensium
1998 2310 2030 2358 et

403 2409 622 2476 Hibernorntn
650 2405 862 2490 scriptoribus
889 2404 1104 2492 qualicunque
1132 2405 1344 2472 similitudine
1371 2407 1512 2494 demtis
1540 2425 1758 2494 summumque
1789 2407 1919 2494 linguae
1951 2428 2029 2472 suae

403 2520 623 2610 antiquitatem
636 2517 861 2584 affectantibus
876 2517 1027 2598 dolenen,
1051 2521 1166 2584 merito
1190 2518 1246 2583 illa
1263 2522 1390 2605 quidem
1404 2524 1469 2585 iam
1484 2523 1614 2606 saepius
1631 2519 1786 2606 explosa,
1817 2534 1975 2597 ettamen,
1994 2533 2029 2583 ut

402 2635 539 2713 videtur,
554 2653 618 2697 uon
632 2631 673 2698 ab
690 2630 1046 2716 omnitenentem).
1069 2612 1230 2719 Atque'ad
1246 2631 1452 2697 Melitensem
1468 2635 1551 2718 quod
1569 2635 1693 2710 attinet,
1716 2635 1831 2696 mirum
1845 2632 1948 2696 videti
1963 2653 2027 2696 uou

401 2759 525 2834 potest,
555 2745 639 2810 bauo
662 2742 806 2830 lingarum
828 2759 900 2808 oum
923 2742 1074 2808 Hebraea
1099 2742 1213 2808 leuiter
1236 2748 1486 2829 comparantium
1508 2748 1633 2810 animos
1655 2743 1890 2831 aliquantarum
1913 2741 2029 2808 tituili-

403 2859 516 2926 tudine
544 2877 712 2946 parmam
741 2877 833 2936 esse,
867 2875 929 2944 qua
955 2859 1093 2943 parmoti
1127 2873 1200 2922 eam
1223 2855 1275 2920 vei
1296 2859 1415 2920 ameris
1436 2854 1568 2944 linguae
1590 2855 1730 2921 i’aoiese
1752 2855 1854 2922 tiliam
1878 2877 1950 2920 sese
1976 2853 2028 2923 tol

405 2985 491 3040 uerte
522 2969 622 3036 mults
651 2974 722 3036 eins
750 2972 889 3056 vestigia
920 2989 1068 3036 servmse
1101 2972 1279 3036 crederent.
1324 2965 1430 3046 Quum
1453 2971 1540 3034 euim
1563 2967 1784 3035 Melitensium
1806 2965 1963 3035 disiectus
1985 2989 2027 3034 ex

404 3083 530 3170 vulgari
543 3081 688 3148 Arabum
709 3103 769 3168 per
789 3085 930 3148 medium
951 3101 1067 3150 serum
1081 3082 1229 3152 Melitam
1251 3084 1427 3148 tenentium
1446 3080 1557 3170 lingua
1571 3097 1640 3148 orta
1661 3085 1720 3162 sit,
1752 3086 1867 3171 quippo
1890 3101 1972 3168 quae
1988 3082 2029 3146 sd

403 3196 535 3282 liuguae
549 3193 720 3260 Hebraeae
737 3192 918 3280 aoabgiam
935 3199 1065 3280 propias
1082 3199 1198 3277 edant,
1222 3217 1316 3284 quarn
1332 3215 1438 3261 sermo
1460 3195 1618 3262 Arabioas
1639 3200 1673 3262 in
1696 3197 1788 3263 libris
1809 3197 2028 3282 frequentatus

405 3309 544 3388 soeedin,
570 3305 644 3372 fieri
666 3325 730 3370 oon
752 3307 872 3392 potuit,
894 3309 970 3392 quin
991 3309 1157 3394 utriusque
1178 3309 1309 3395 linguae
1330 3321 1397 3374 tum
1420 3307 1453 3374 in
1474 3310 1608 3392 roribus
1623 3313 1703 3396 ipsis
1724 3311 1808 3394 (uolt
1825 3311 1943 3386 irater,
1965 3307 2028 3373 bes

403 3420 511 3500 iilius,
553 3418 608 3485 dit·
645 3431 786 3506 puteus,
828 3417 934 3506 glutit
969 3417 1107 3499 oeulos,
1149 3420 1212 3486 itta
1247 3420 1327 3500 ilie,
1363 3421 1418 3486 kt‘e
1448 3420 1526 3508 ills)
1561 3437 1628 3488 tum
1672 3426 1706 3490 itt
1724 3462 1727 3474 ·
1742 3441 1852 3490 aarum
1887 3421 2028 3486 flexione

404 3533 505 3619 (sebi
524 3533 628 3598 irater
649 3553 761 3612 ursus,
791 3529 878 3596 obdu
899 3550 1013 3598 servus
1034 3535 1127 3618 eius)
1148 3535 1303 3619 quaedem
1325 3537 1549 3600 consestentis
1564 3550 1659 3601 estet.
1702 3533 1927 3624 Neglexerattt
1940 3552 2028 3610 varo,

404 3650 460 3734 qai
490 3645 574 3712 baua
601 3665 774 3732 pareatum
803 3663 916 3710 tonum
944 3645 1182 3733 formarumque
1205 3649 1446 3734 oaugrueutiatu
1469 3635 1638 3733 urgerent,
1672 3649 1731 3713 iras
1753 3630 1839 3734 ipsus
1860 3651 1894 3711 in
1917 3645 2030 3732 liugos

404 3759 546 3826 Arabiae
578 3756 704 3846 vulgari
730 3777 796 3824 non
831 3760 937 3824 minus
968 3757 1099 3840 baberi,
1134 3779 1245 3825 omues
1273 3757 1412 3846 reliquas
1444 3769 1550 3823 autent
1580 3757 1711 3845 linguae
1730 3759 1921 3826 Melitensis
1950 3777 2029 3842 opst

1200 4033 1207 4046 ’
1252 4041 1385 4116 attigimus
1404 4059 1463 4116 pag.
1479 4045 1547 4110 252,
1574 4042 1621 4096 ubi
1641 4041 1720 4097 etiam
1741 4041 1870 4110 (uoi.”)
1890 4041 2029 4111 primarios

1252 4141 1380 4210 qtrostiaut
1395 4133 1452 4192 eius
1468 4135 1603 4229 opiniopit
1621 4147 1648 4192 et
1666 4145 1795 4207 patronos
1814 4149 1841 4193 et
1858 4137 2028 4194 adversarios

1252 4235 1527 4292 commemoravimus.
1549 4234 1603 4288 illis
1618 4235 1732 4289 addendi
1744 4237 2027 4310 suatio.Quutrtttus

1252 4333 1280 4387 iu
1294 4335 1381 4387 deser.
1390 4333 1500 4387 Melitae
1511 4331 1614 4386 insulae
1627 4333 1747 4402 (Graevii
1754 4333 1837 4388 Thea.
1846 4333 1898 4388 sto.
1910 4337 1943 4387 T.
1951 4333 2027 4400 XV).

1252 4431 1323 4484 Aust
1336 4447 1372 4482 uu
1387 4429 1533 4484 Souuaurs
1544 4427 1572 4482 itt
1585 4432 1676 4484 locuta
1691 4432 1839 4485 Plautinum
1856 4445 1937 4485 curte
1953 4429 1985 4498 (i.
1996 4433 2029 4485 10

1252 4527 1351 4594 extu).
1386 4526 1426 4582 lo.
1455 4529 1548 4579 Hune.
1572 4527 1650 4582 Matr
1676 4530 1729 4582 duo
1752 4527 1897 4598 specimina
1921 4527 2028 4599 linguae

459 4037 486 4108 *)
505 4040 642 4096 Arnobius
659 4041 693 4093 ad
713 4041 756 4093 Ps.
775 4042 835 4096 104.

456 4176 502 4248 ⁰)
522 4179 636 4246 Prooop.
658 4179 720 4231 beli.
739 4165 854 4255 Voutlai.
875 4181 915 4248 ii,
935 4183 977 4234 to.
1019 4178 1061 4233 ct
1081 4178 1183 4248 epieto-

405 4279 457 4332 istu
480 4275 640 4344 tytouiottt
661 4273 773 4330 nonulli
801 4291 873 4330 strao
901 4279 953 4332 ³9³
978 4275 1078 4342 babiti,
1112 4277 1183 4346 apud

405 4371 585 4448 Augustianos
603 4372 635 4424 ati
652 4369 697 4426 Pe.
714 4371 758 4436 36,
783 4381 811 4426 et
828 4369 994 4442 cyprianum
1014 4373 1048 4427 ds
1065 4372 1183 4440 coneilio

407 4468 612 4542 Carthaginensi
627 4467 689 4520 anui
706 4468 767 4521 2⁵6.

456 4589 515 4662 Ψ)
533 4593 675 4646 Munianus
688 4593 722 4645 da
736 4589 888 4660 primordiis
899 4590 1184 4647 eoelesiaaAirinanae

311 4709 317 4718 ·
407 4705 466 4764 pag.
490 4691 521 4746 to
547 4691 624 4759 plura
647 4687 757 4742 aornim
784 4687 896 4740 barbara
921 4704 958 4742 ex
984 4687 1124 4758 Cypriane
1155 4699 1184 4744 et

407 4805 446 4840 ex
461 4785 683 4856 inseriptionittus
705 4783 836 4856 beldegii,
860 4797 930 4853 quse
947 4783 1000 4838 siiti
1019 4785 1121 4840 Puuiea
1141 4785 1182 4842 si-

408 4881 520 4950 dentur,
547 4885 595 4936 ted
617 4882 668 4938 vix
693 4891 784 4936 tanea
808 4881 842 4934 ati
864 4883 1184 4951 uteaynouresoeett

408 4986 537 5046 possunt,
563 4989 645 5048 atque
668 4979 766 5049 partim
789 4977 910 5048 Libyes,
937 4977 1035 5048 partiat
1057 4980 1126 5032 adeo
1147 4992 1183 5032 aa

410 5073 521 5130 Gasats't
534 5085 674 5148 ‘nomia
696 5091 756 5132 etto
778 5076 921 5144 vldmttir,
952 5075 1184 5142 adunantem,

409 5175 522 5239 naut,
547 5173 720 5241 Nemesim
744 5172 869 5228 Aitunint
885 5174 931 5228 sel
946 5171 1088 5228 Altintnius
1106 5170 1146 5241 (i.
1158 5189 1183 5228 o.

404 5261 562 5335 mutat),
581 5267 744 5336 Machaon,
771 5269 899 5326 Mennim
920 5272 951 5340 (a
967 5265 1070 5339 ptus)
1087 5271 1122 5324 ai.

459 5391 492 5458 †)
516 5391 647 5460 Pleraque
671 5395 704 5446 ati
730 5395 799 5450 bano
824 5411 929 5450 mnsam
952 5393 1113 5465 pertinentia
1130 5395 1183 5450 iam

1253 4623 1370 4677 l'unicae
1381 4621 1409 4675 in
1422 4623 1553 4676 hodierna
1568 4625 1752 4678 Melitensium
1768 4625 1920 4694 superstitit
1932 4621 2026 4690 tibio).

1251 4721 1343 4775 Onon.
1365 4719 1439 4774 lines
1461 4719 1545 4772 Malia
1564 4721 1651 4774 antina
1671 4721 1801 4774 illustrata
1822 4719 1924 4785 (Roma
1943 4720 2027 4782 1816)

1250 4835 1276 4885 p.
1300 4801 1351 4869 tit
1374 4835 1432 4885 sqq.
1470 4815 1500 4870 C.
1527 4815 1558 4869 G.
1584 4817 1689 4876 Aaron
1716 4819 1750 4872 da
1774 4817 1873 4871 intiolie
1896 4817 2028 4889 genuinae

1253 4909 1374 4982 reliquiis
1396 4911 1424 4965 in
1448 4909 1539 4985 lingua
1562 4911 1744 4967 Melitensium
1762 4913 1808 4968 vel
1824 4921 1885 4982 post
1903 4893 2028 4986 'magnam

1252 5007 1487 5078 interpolationem
1515 5009 1675 5077 conspicuis.
1712 5011 1874 5081 vitabat-gae
1903 5013 1978 5065 1812.
2000 5007 2026 5065 8.

1253 5107 1331 5160 Adeo
1357 5105 1530 5175 'i'ycittenius
1553 5103 1632 5172 (Aoi.
1654 5107 1744 5175 Upsai.
1763 5109 1820 5162 vti
1838 5126 1864 5177 p.
1882 5105 1938 5174 88)
1959 5106 2027 5160 sori-

1253 5204 1348 5258 benet:
1367 5241 1385 5268 „
1395 5201 1526 5270 Exemplo
1544 5210 1585 5254 esi
1605 5207 1691 5268 lingua
1709 5209 1805 5257 Panion
1824 5207 1848 5257 itt
1867 5205 1948 5258 insula
1967 5209 2026 5257 Me-

1252 5305 1312 5367 iite,
1345 5315 1414 5371 quae
1437 5307 1524 5352 tautae
1550 5315 1626 5366 pessa
1653 5307 1695 5353 est
1720 5301 1894 5370 mutationes,
1924 5309 1953 5354 ui
1977 5301 2026 5357 vix

1254 5395 1330 5450 oolor
1350 5395 1376 5451 ei
1396 5411 1469 5449 nuno
1488 5405 1592 5451 oonttet
1611 5413 1699 5467 neque
1715 5401 1806 5453 vuitus
1820 5397 1859 5456 ⁴⁸„
