4992 6292
486 553 536 630 56
587 541 721 616 LIBER
744 541 920 612 PRIMUS.
963 535 1337 608 eneaeouenefltn
1360 533 1609 604 PHOENlClA.
1654 531 1802 602 CAPUT
1824 531 2042 604 TERTIUM.

612 739 644 802 ὁ.
687 729 838 810 Facilius,
862 748 955 816 quem
969 725 1034 792 illis
1048 723 1265 810 distinguendi
1281 724 1394 810 signis,
1417 721 1596 788 Phoenices
1608 723 1788 788 caruissent
1805 720 1908 807 siguis
1923 693 2113 807 quibbsdara

487 907 528 973 ab
542 909 635 972 initio
649 917 681 968 et
695 899 761 967 fine
783 896 967 976 titulorum,
990 894 1126 960 subinde
1141 895 1237 958 etiam
1252 891 1452 994 singulorum
1467 915 1617 959 versuum
1632 890 1755 971 obviis,
1792 876 1806 1000 Ι
1850 879 1889 1018 ὀ
1952 873 1990 1003 ,Ι
2057 873 2092 1016 2¹

486 1095 602 1180 partim
627 1086 806 1153 ornamenti
826 1083 942 1170 purtim
962 1081 1058 1166 spatii
1080 1075 1231 1165 explendi
1252 1099 1350 1144 causa
1369 1080 1499 1164 positis,
1529 1079 1603 1146 virle
1630 1077 1696 1144 Cit.
1718 1083 1738 1142 3
1766 1079 1836 1142 intr.
1859 1082 1890 1142 7.
1913 1081 1933 1141 8
1955 1089 2038 1141 extr.
2062 1083 2112 1142 14.

488 1212 529 1268 22
552 1217 633 1267 extr.
656 1205 697 1264 23
718 1199 789 1262 init.
812 1201 853 1260 29
882 1192 943 1278 (cl.
965 1191 1060 1278 Kopp
1083 1189 1121 1256 Β.
1144 1193 1209 1256 und
1232 1189 1325 1255 Schr.
1360 1198 1398 1270 1,
1431 1196 1508 1269 225,
1535 1195 1590 1278 qui
1617 1205 1703 1256 reete
1731 1193 1795 1254 iam
1825 1189 1937 1253 eadem
1965 1191 2059 1274 sigua
2077 1191 2113 1254 in

486 1310 747 1400 inscriptionibus
770 1305 925 1372 llomanis
946 1307 1082 1391 reperiri
1104 1303 1330 1384 observavit),
1359 1301 1422 1369 Cit.
1444 1299 1566 1370 33Ὶίιι.
1587 1312 1619 1370 4.
1643 1309 1681 1384 5,
1704 1317 1737 1367 et
1757 1303 1828 1366 lort.
1849 1299 1980 1366 Numirl.
1996 1308 2016 1365 2
2030 1316 2114 1367 extr.

486 1426 626 1494 Molesta
648 1426 729 1488 adeo
751 1421 846 1486 huius
867 1421 997 1506 generis
1018 1408 1129 1504 signa,
1161 1417 1275 1501 quippe
1298 1438 1472 1502 quaecum
1498 1416 1613 1481 litteris
1642 1415 1721 1480 Saia
1744 1430 1776 1480 et
1796 1412 1885 1478 zade
1912 1411 2008 1478 facile
2036 1420 2139 1480 cou·'

486 1539 577 1609 fundi
599 1539 725 1623 possint
746 1546 778 1598 et
799 1536 927 1619 saepius
950 1534 1015 1596 iem
1037 1530 1078 1596 ab
1100 1526 1330 1613 interpretibus
1351 1531 1486 1596 conlusa
1510 1532 1586 1595 sint.
1629 1527 1718 1594 Idem
1748 1529 1788 1594 sle
1818 1523 1893 1590 aliis
1920 1523 2112 1611 quibusdam
2179 1547 2188 1562 ·

488 1708 685 1774 ornamentis
699 1701 852 1769 finalibus
867 1702 1036 1766 dicendum
1050 1713 1099 1764 est
1115 1721 1144 1761 v.
1157 1720 1184 1762 c.
1208 1665 1287 1804 Ν
1310 1699 1343 1762 in
1360 1719 1436 1764 vase
1450 1699 1678 1764 Panormitano
1695 1700 1760 1784 (oo.
1775 1699 1844 1787 43),
1858 1659 1959 1834 ff
1991 1691 2054 1764 cit
2071 1704 2112 1764 29

491 1892 533 1959 ub
556 1888 786 1976 interpretibus
808 1907 975 1974 perperam
996 1887 1030 1949 in
1052 1881 1228 1951 litterarum
1251 1905 1419 1950 numerum
1441 1881 1564 1964 relatis,
1587 1885 1628 1950 cl.
1651 1886 1747 1949 etiam
1769 1883 1831 1952 Cit.
1853 1895 1903 1955 10.
1918 1893 1970 1955 27.
1984 1892 2037 1953 32.
2059 1891 2112 1952 33.

661 2000 746 2081 „De
771 1999 903 2066 Graecis
925 1999 1056 2062 vetustis
1079 1997 1175 2062 modo
1206 1999 1345 2062 indivisa
1374 1997 1532 2082 scriptura
1564 1999 1659 2062 modu
1688 1997 1830 2085 singulis
1856 1998 1942 2067 binis
1971 2003 2113 2068 ternisve

468 2095 469 2098 ¹
576 2117 734 2200 „punctis
758 2112 921 2177 utentibus
942 2131 971 2174 v.
994 2109 1078 2173 inira
1100 2113 1128 2188 ς.
1152 2117 1206 2176 48.
1248 2110 1300 2175 De
1322 2110 1470 2174 Etruscis
1491 2109 1586 2174 modo
1608 2111 1727 2175 dictum
1750 2125 1814 2178 not.
1833 2113 1923 2201 ⁸*).“

661 2227 821 2305 „Praeter
851 2223 912 2290 hos
941 2222 1086 2288 indivisa
1113 2230 1280 2308 scriptura
1304 2243 1466 2310 uunquam
1496 2243 1561 2286 non
1589 2229 1721 2288 utuntur
1750 2233 1875 2292 veteres
1903 2225 2048 2294 Hebraei
2078 2228 2112 2292 is
2202 2295 2205 2300 ,

576 2342 733 2420 ,,ιιιιιιιίιι,
754 2335 955 2420 Palmyreni,
978 2336 1096 2400 Persae
1117 2338 1151 2399 in
1173 2337 1389 2400 monumentis
1412 2333 1702 2400 Sessnnidarum.“

615 2457 621 2466 ‘
661 2495 682 2528 „
690 2448 802 2514 Verba
833 2454 954 2534 spnts's's
977 2449 1132 2536 distingui
1162 2446 1309 2512 solebant
1340 2452 1374 2512 in
1410 2449 1570 2533 scriptura
1606 2467 1756 2514 uramaes
1789 2451 1977 2536 aegyptiaca
2012 2465 2046 2516 et
2079 2452 2112 2514 in

574 2565 769 2650 quadrata.“

659 2672 841 2762 „Singulis
857 2679 991 2760 punctis
1011 2671 1182 2738 utebantur
1203 2685 1328 2738 veteres
1350 2670 1488 2737 Romani
1513 2669 1563 2758 (i.
1586 2675 1647 2751 49,
1669 2676 1710 2755 b)
1732 2684 1764 2738 st
1785 2670 1997 2752 Samaritani,
2028 2673 2114 2740 biss‘s

574 2793 735 2875 „punctis
755 2785 933 2874 Aethiopes
953 2784 1008 2870 (cl.
1031 2783 1135 2871 Kopp.
1157 2789 1186 2866 1.
1209 2786 1407 2870 77-80).“

1287 2970 1294 2983 .
1326 2925 1379 2984 39.

804 3029 905 3096 Nuss
934 3036 1060 3118 signa
1088 2925 1520 3097 cocaliallsahucrs'nt
1547 3029 1798 3098 Phoenices.

621 3166 794 3254 Signorum
822 3162 982 3228 vocalium
1016 3187 1057 3228 ne
1087 3166 1252 3229 minimum
1283 3167 1410 3252 quidem
1440 3169 1610 3253 vestigium
1637 3170 1671 3231 io
1700 3170 1914 3236 monumentis
1937 3167 2114 3256 phoeniciis

489 3281 658 3365 reperitur.
710 3276 807 3358 Quod
835 3278 921 3340 enim
952 3274 1027 3341 oiim
1057 3279 1092 3341 in
1122 3275 1223 3341 titulis
1252 3278 1441 3363 quibusdam
1470 3277 1696 3344 Melitensihus
1724 3281 1806 3366 apusl
1829 3277 2014 3371 'Castellum
2044 3283 2114 3347 eius

488 3392 616 3479 generis
638 3390 731 3476 signa
752 3390 1016 3454 animadvertisse
1042 3388 1121 3454 mibi
1149 3392 1236 3454 visus
1259 3411 1347 3456 eram
1371 3391 1458 3476 (hist.
1480 3389 1559 3478 ling.
1582 3389 1673 3458 hebr.
1696 3414 1726 3480 p.
1755 3395 1846 3476 184),
1873 3395 2014 3460 1ι1.ιιιιιιο
2034 3391 2114 3457 ιιιίΙιί

487 3493 726 3569 retractandum
744 3515 805 3580 est,
829 3522 924 3588 quum
941 3498 998 3564 illa
1017 3501 1202 3590 apographa
1223 3501 1286 3567 lide
1303 3525 1434 3588 prorsus
1448 3503 1581 3590 indigua
1595 3507 1660 3568 sint
1681 3509 1725 3590 (v.
1739 3502 1795 3568 lih.
1812 3511 1844 3584 2,
1868 3519 1940 3590 post
1953 3508 2049 3573 inser.
2061 3505 2112 3590 4)ι

488 3637 592 3704 neque
613 3617 716 3701 magis
736 3615 916 3679 audiendus
937 3614 1153 3702 Liudbergius
1176 3615 1228 3700 (de
1251 3619 1357 3682 numia
1381 3617 1552 3682 Sextorum
1574 3639 1606 3702 p.
1624 3617 1697 3700 31),
1729 3619 1784 3704 qui
1803 3618 1936 3682 disiecta
1958 3617 2114 3705 quaedum

486 3727 615 3794 litterae
645 3727 766 3791 fractae
795 3726 941 3791 membra
971 3730 1006 3792 iu
1033 3749 1130 3792 nermo
1162 3729 1232 3792 sire
1254 3726 1398 3794 Sexteuo
1429 3731 1499 3793 sire
1522 3726 1700 3816 Tingitano
1729 3725 1888 3795 vocalium
1919 3731 2014 3816 signe
2041 3751 2113 3796 esse

488 3839 722 3929 suspicabatur.

614 3952 744 4016 Lirem
780 3952 979 4018 diacriticae
1014 3971 1091 4016 vero
1132 3953 1173 4018 ad
1210 3951 1369 4017 vocalium
1408 3951 1568 4017 delectum
1605 3953 1839 4040 quodammodo
1876 3956 2113 4020 resarciendum

488 4067 689 4152 excogitatae
711 4062 912 4152 exemplum,
938 4063 1014 4129 licet
1035 4067 1182 4144 unicum,
1205 4077 1310 4129 exstat
1331 4067 1365 4129 iu
1387 4067 1595 4152 inscriptione
1617 4063 1769 4154 Carthag.
1787 4072 1818 4132 8.
1840 4063 1898 4132 liu.
1917 4074 1933 4132 1
1957 4066 2013 4134 ubi
2030 4067 2113 4132 vide.

1268 4265 1274 4280 .
1309 4222 1361 4282 40.

604 4328 667 4394 Dc
699 4328 928 4409 defective
956 4326 1176 4395 scribendi
1204 4219 1382 4395 ralrtose
1411 4330 1523 4416 apud
1549 4329 1787 4398 Phoenices
1815 4338 1995 4398 usitata.

616 4463 789 4551 Signorum
818 4479 923 4530 autem
952 4449 1110 4529 vocalium
1146 4465 1299 4550 (quorum
1329 4467 1472 4530 inventio
1500 4468 1689 4532 recentioris
1717 4489 1810 4553 quam
1840 4470 1910 4552 ipsa
1940 4469 2114 4532 novissima

491 4592 696 4645 monumenta
725 4576 896 4664 phoenicia
925 4580 1041 4642 aetatis
1072 4599 1144 4641 esse
1174 4578 1320 4663 videtur)
1350 4601 1444 4644 usum
1471 4579 1629 4666 quomodo
1652 4602 1671 4642 a
1693 4579 1907 4647 Phoenicibus
1935 4596 2113 4668 exspectes,

491 4696 545 4779 qui
567 4713 607 4756 ue
629 4712 668 4754 eo
692 4691 818 4777 quidem
841 4687 1001 4755 vocalium
1022 4689 1265 4755 indicandorum
1286 4690 1451 4771 subsidio,
1474 4693 1558 4778 quod
1581 4694 1615 4756 in
1636 4690 1750 4756 litteris
1765 4693 2003 4778 quiescentibus
2024 4715 2037 4761 t
2055 4707 2085 4757 et
2099 4711 2127 4770 r,

490 4801 653 4868 habebant
667 4801 810 4869 Hebraei
833 4805 904 4867 siue
929 4804 1053 4889 punctis
1069 4800 1257 4882 scribentes,
1280 4805 1325 4868 uti
1342 4802 1502 4884 solebant,
1525 4826 1618 4892 quam
1633 4806 1819 4889 parcissime
1833 4819 1918 4870 certe
1933 4804 2113 4885 utebantur,

491 4930 524 4981 et
544 4915 753 4980 litteraturam
776 4913 940 4995 habebant
960 4916 1057 4979 meris
1073 4913 1323 4982 consonantibus
1339 4916 1555 4983 constantem?
1585 4914 1650 4992 Qui
1665 4917 1791 5002 quidem
1805 4916 1897 4982 locus
1913 4920 2057 5004 quamvis
2072 4919 2112 4984 ad

492 5091 589 5151 selben,
621 5081 688 5140 ronst
721 5099 765 5154 put
799 5089 988 5156 gesclrriebcnsn
1015 5089 1201 5141 Perusinisches
1228 5093 1272 5141 Is·
1339 5092 1470 5142 serrissen.
1506 5091 1579 5140 Kurs
1605 5088 1673 5139 (iisse
1692 5085 1841 5149 Insubristes
1859 5091 1978 5141 beroeisss
1995 5089 2113 5155 deutlich,

492 5181 579 5248 schrift
594 5185 651 5235 sisrl
667 5183 709 5235 die
729 5188 817 5238 Wurts
834 5183 872 5248 oft
889 5186 1076 5238 sorebarnae
1089 5203 1136 5238 cors
1151 5189 1271 5240 eisunrler
1338 5189 1397 5239 dass
1415 5187 1456 5236 slis
1474 5186 1571 5236 mater
1587 5185 1643 5235 sets
1660 5185 1822 5237 literutes
1842 5187 1929 5239 Voss
1946 5204 2045 5253 recres,
2069 5189 2116 5238 wis

492 5291 621 5348 petreum,
646 5277 684 5344 est
707 5281 788 5334 nieht:
820 5284 872 5350 pari
897 5287 922 5334 is
949 5283 997 5334 deu
1022 5280 1197 5347 Ausschriliss
1223 5281 1276 5347 cus
1338 5285 1379 5334 viic
1396 5282 1509 5334 Athener
1525 5283 1570 5332 ries
1590 5282 1698 5332 Pericles
1716 5299 1741 5332 u.
1756 5299 1776 5334 s.
1790 5299 1823 5334 w.
1859 5279 1902 5337 Cl'.
1918 5282 2001 5336 hausi
2015 5281 2116 5356 Ssgglu

494 5380 669 5458 Todtsslipiss
689 5379 788 5431 werden
810 5375 847 5443 usi
868 5381 956 5433 Warts
975 5379 1054 5432 durch
1084 5381 1269 5446 imsrpunotiurs
1338 5377 1365 5430 di
1382 5377 1473 5444 lingua
1491 5385 1597 5431 etrusca
1615 5374 1645 5444 l,
1665 5375 1752 5432 28¹³*
