4922 6300
831 649 949 720 NUMI
971 647 1129 716 CILlCll.
1152 647 1247 750 tlt.
1270 648 1453 718 TARSUS.
1527 681 1529 686 ·
1873 659 1945 734 281

459 839 603 906 Litteras
632 835 792 906 solitarias
824 840 859 904 iu
888 860 963 904 area
991 839 1130 924 positas,
1166 841 1235 906 sive
1254 837 1316 903 baa
1339 840 1544 924 magistratus
1564 839 1725 922 indicant,
1753 845 1825 908 sive
1846 865 1949 940 annos

330 955 534 1041 (quanquam
570 953 646 1016 anni
682 954 715 1016 in
753 953 859 1016 nunris
896 951 1073 1038 phoeniciis
1095 951 1191 1016 'cifris
1221 951 1438 1034 indicantur),
1476 973 1561 1016 nunc
1592 956 1700 1033 mitto,
1743 956 1784 1020 ad
1813 965 1947 1024 lentim

329 1067 571 1152 inscriptionem
593 1085 645 1130 me
667 1078 877 1144 convertens,
896 1064 994 1151 ‘quae
1015 1076 1065 1128 est
1093 1066 1127 1128 iu
1148 1063 1209 1128 litt.
1232 1061 1270 1127 C.
1291 1064 1334 1130 D.
1356 1063 1403 1148 E,
1435 1077 1469 1130 et
1488 1085 1509 1128 a
1530 1061 1757 1134 Bellermanuo
1779 1067 1817 1152 (l
1837 1091 1867 1156 p.
1881 1072 1945 1154 27)

330 1167 540 1265 probabiliter
558 1175 694 1264 legitur:

1065 1277 1189 1342 suren,

330 1400 403 1463 ride
426 1399 567 1464 maxime
589 1395 783 1484 epigraphen
806 1399 839 1464 iu
862 1393 1018 1483 exemplis
1040 1393 1068 1460 C
1090 1409 1122 1462 et
1144 1397 1192 1476 E,
1216 1417 1290 1460 nam
1309 1397 1341 1460 in
1359 1393 1528 1462 Dlitterae
1542 1400 1648 1466 minus
1663 1403 1848 1487 perspicuas
1863 1419 1947 1470 sunt.

329 1510 510 1576 Secundam
532 1512 659 1597 quidem
680 1507 818 1576 litteram
841 1508 957 1596 aliquis
980 1513 1076 1574 etiam
1098 1509 1207 1576 Βοιώ
1228 1530 1299 1574 esse
1323 1499 1455 1574 cannara
1478 1511 1598 1595 possit,
1629 1510 1746 1576 collata
1761 1513 1950 1604 eius'fignra

329 1627 362 1688 iu
389 1622 451 1698 litt.
482 1623 525 1688 A.
562 1621 608 1701 Β,
645 1625 679 1686 in
711 1622 826 1708 quibas
858 1622 949 1706 Cupi
979 1621 1072 1688 aliter
1101 1625 1261 1710 pingitur:
1301 1624 1425 1688 videtur
1455 1635 1570 1686 tamen,
1590 1621 1670 1690 baec
1698 1640 1806 1692 nostra
1833 1628 1949 1715 figura,

329 1749 441 1822 utpote
463 1749 557 1820 capot
587 1734 711 1801 habens
740 1735 940 1820 depressius,
975 1734 1015 1800 ab
1045 1733 1103 1798 illa
1130 1733 1307 1821 paullulum
1335 1735 1475 1800 differre.
1529 1716 1670 1800 Differre
1699 1758 1770 1804 eam
1797 1762 1817 1806 a
1843 1746 1948 1822 tertia,
2031 1725 2045 1750 ”

329 1850 540 1914 certissimum
569 1861 639 1927 est,
684 1861 719 1911 ut
747 1847 925 1912 audiendus
958 1869 1022 1912 non
1055 1850 1099 1912 sit
1129 1847 1324 1928 ausencius,
1363 1850 1417 1935 qui
1450 1865 1543 1914 aaran
1579 1846 1751 1934 legendum
1785 1855 1946 1920 censebat.

328 1960 501 2026 Praeterea
537 1973 682 2025 extrema
715 1959 823 2024 littera
860 1961 955 2022 ctiam
1000 1959 1071 2025 Varo
1107 1981 1180 2026 csse
1208 1963 1326 2046 possit,
1370 1962 1422 2025 cui
1456 1961 1537 2026 adeo
1572 1960 1709 2026 similior
1745 1977 1813 2046 est,
1851 1987 1948 2052 quum

328 2094 477 2160 suprema
503 2074 638 2160 partin
671 2070 833 2136 nonnullis
861 2070 1020 2157 exemplis
1045 2073 1182 2137 rotunda
1202 2075 1255 2137 ait.
1300 2069 1392 2148 Quae
1414 2094 1510 2158 quunr
1530 2071 1707 2160 paullulum
1729 2077 1853 2144 incerta
1873 2081 1948 2160 sint,

328 2190 425 2251 ctiam
447 2187 488 2250 de
509 2188 771 2271 interpretatione
790 2199 910 2250 certam
929 2181 1124 2248 ¹senteutiam
1146 2205 1210 2248 non
1231 2185 1379 2250 dixerim.
1423 2185 1475 2249 Ex
1491 2188 1597 2270 priore
1614 2185 1670 2250 illa
1692 2185 1949 2278 (Ballermauni)
2012 2254 2017 2267 ,

238 2351 245 2360 .
328 2297 468 2364 lectione
502 2315 604 2366 :nien
640 2297 795 2403 explicari
834 2309 938 2382 potest
966 2313 1006 2382 ιιι
1036 2309 1096 2384 1an
1126 2297 1278 2384 dirigens
1306 2319 1420 2384 magur
1448 2299 1471 2361 i.
1501 2319 1531 2383 q.
1562 2315 1601 2383 ιιι
1630 2313 1675 2370 ππ
1708 2301 1789 2383 (Jer.
1818 2307 1877 2382 39,
1908 2309 1948 2384 3)
2066 2374 2071 2384 ,

330 2412 540 2499 crclimngm
581 2415 632 2493 (v.
669 2412 710 2476 ad
748 2407 810 2474 Cit
849 2409 936 2492 11),
980 2433 1042 2496 quc
1078 2413 1208 2476 nomine
1240 2432 1383 2474 summus
1417 2411 1568 2474 sacerdos
1605 2409 1758 2478 Olbensis
1794 2415 1950 2502 appellari

329 2541 469 2612 poteret,
503 2527 656 2611 caiusque
684 2525 805 2588 mentio
834 2543 854 2586 a
883 2537 1012 2600 moneta
1028 2523 1168 2589 Persicis
1188 2521 1302 2609 figuris
1324 2535 1436 2586 ornata
1457 2523 1603 2608 profecto
1625 2523 1732 2590 aliena
1753 2549 1817 2590 non
1841 2529 1947 2594 luerit.

330 2637 395 2714 Qui
419 2659 495 2704 uero
518 2654 619 2705 aaran
640 2634 812 2724 legendum
836 2649 983 2713 censeat,
1012 2637 1040 2699 is
1062 2638 1275 2721 pronunciare
1295 2638 1396 2722 possit
1417 2647 1453 2706 in
1478 2651 1538 2730 ppn
1565 2637 1689 2723 (ιιιιὶιιι
1709 2659 1815 2723 oquae
1844 2642 1885 2704 cl.
1908 2642 1947 2705 da

328 2761 364 2820 iu
389 2773 475 2838 apua
497 2751 538 2816 ad
559 2753 655 2816 inser.
672 2754 713 2816 67
729 2748 817 2834 ter),
847 2749 929 2834 qnod
947 2769 1003 2833 pro
1020 2749 1195 2813 domestico
1210 2747 1300 2813 urbis
1316 2749 1480 2814 cuiu'sdam
1494 2747 1628 2813 Ciliciae
1643 2747 1795 2835 (Mellil)
1817 2755 1947 2818 nominc

290 2871 293 2878 '
331 2867 459 2951 proprio
487 2863 670 2928 babendum
699 2873 794 2925 essct.
852 2859 903 2924 De
929 2859 1034 2924 Flavii
1061 2858 1192 2940 Ursini,
1228 2859 1360 2946 Haymii
1396 2873 1428 2924 et
1464 2861 1638 2927 Swiutonis
1668 2865 1783 2950 nugis,
1822 2867 1877 2950 qui
1904 2887 1947 2932 ex
1975 2839 1981 2850 ἣ

329 2979 471 3066 quinque
488 2975 554 3040 illis
573 2974 688 3039 litteris
711 2971 905 3038 Hannibalis
927 2995 1043 3037 nomeu
1065 2970 1326 3058 exsculpserunt,
1350 2972 1594 3060 referrepiget:
1619 2977 1752 3040 neaniai
1766 2996 1948 3063 repugnans

331 3091 370 3179 de
391 3089 624 3155 Hamakariin
647 3085 731 3151 banc
754 3107 880 3173 quoque
903 3087 1096 3176 epigraphen
1114 3087 1306 3150 coniecturis
1324 3106 1479 3151 memoro.
1522 3083 1555 3166 la
1575 3089 1660 3152 enim
1684 3087 1801 3173 (Mica.
1823 3111 1853 3175 p.
1870 3093 1948 3175 146)

332 3207 468 3291 quinqua
489 3201 562 3266 illas
583 3199 707 3264 litteras
729 3199 825 3288 parab
847 3196 943 3284 legit,
979 3199 1076 3283 idque
1095 3201 1248 3283 scriptum
1270 3211 1378 3263 censet
1398 3220 1456 3284 pro
1482 3202 1623 3298 poppaea}
1647 3187 1693 3265 ab
1710 3215 1818 3270 narum
1840 3205 1949 3268 insula

259 3296 263 3317 ⁶
333 3322 508 3394 uictorum,
547 3303 721 3400 quomodo'
741 3313 780 3376 de
812 3308 933 3394 (falsa)
964 3309 1085 3394 Koppii
1114 3313 1274 3374 sententia
1301 3313 1335 3376 in
1366 3303 1477 3380 nuruis
1503 3310 1693 3380 Cossuraeis
1731 3313 1783 3399 (v.
1811 3336 1861 3379 no.
1887 3319 1947 3398 13)

331 3427 462 3516 legitur:
490 3429 628 3515 priorem
650 3439 756 3489 autern
775 3425 914 3502 nominis
936 3435 1057 3506 partem
1080 3423 1114 3486 iu
1135 3421 1299 3508 gentilicio
1321 3423 1480 3490 abiectam
1502 3441 1630 3506 censet,
1659 3439 1694 3492 ut
1720 3443 1796 3525 unp}
1823 3428 1948 3492 ducitur

332 3563 352 3606 a
379 3559 489 3636 pappa„
541 3535 604 3602 Cui
630 3540 809 3602 sententiae
837 3549 911 3600 anta
943 3536 1050 3600 omnia
1079 3533 1141 3598 boc
1171 3534 1297 3614 obstat,
1338 3558 1379 3602 ex
1412 3561 1474 3624 quc
1497 3541 1603 3614 omnis
1624 3539 1799 3624 disputatio
1818 3541 1946 3625 pendet,

332 3656 414 3741 quod
441 3653 567 3718 litterae
596 3655 658 3730 ita,
695 3663 732 3714 ut
760 3649 837 3714 fecit
863 3647 927 3726 H;,
954 3645 1043 3712 nullo
1064 3647 1159 3712 modo
1181 3645 1246 3732 legi
1268 3661 1419 3733 posunt:
1454 3672 1550 3737 quam
1573 3670 1677 3735 neque
1698 3655 1801 3736 prima
1823 3653 1951 3718 Lanted

332 3789 402 3832 esse
424 3767 525 3852 possit
548 3763 801 3852 (quodammodo
822 3759 927 3826 simile
949 3761 1076 3846 quidem
1097 3773 1146 3825 eat
1168 3760 1291 3826 Lamed
1306 3757 1528 3842 Numidicum,
1550 3765 1609 3828 aad
1625 3784 1762 3849 superae
1776 3765 1948 3828 rotundum

334 3995 574 4044 cranoncsrentur
591 3985 679 4051 (iurat
692 3978 950 4047 averruncarent).‘⁸
979 3979 1029 4034 Cui
1044 3979 1105 4048 qui-

334 4087 394 4138 dem
417 4081 590 4152 explicationi
607 4080 650 4136 uir
664 4081 760 4133 doctrrs
777 4079 855 4131 eliam
872 4077 959 4130 statim
972 4075 1105 4129 subnectit

332 4179 374 4235 bis
391 4179 499 4236 verbis:
526 4179 711 4250 ‚,eranqnam
733 4177 819 4229 adhuc
835 4174 992 4236 subdubito,
1017 4181 1106 4252 utrum

333 4283 384 4338 slia
400 4283 478 4339 ιοιίι
495 4275 577 4353 ''lili-'t
603 4279 747 4350 explicatio
765 4279 941 4347 praeferenda
954 4275 996 4337 sit.
1015 4291 1105 4348 gram-

333 4381 428 4436 matica
448 4379 553 4433 ratione
578 4380 703 4441 multum,
729 4391 811 4428 sensu
825 4375 923 4427 leviter
941 4373 1103 4440 discrepans.

335 4478 401 4534 Cam
418 4478 489 4532 enim
508 4483 613 4531 constet
632 4474 660 4528 in
679 4474 800 4526 dialectis
820 4469 920 4526 vadari
939 4471 967 4522 iu
985 4468 1056 4522 Zeia
1079 4477 1107 4522 at

333 4582 422 4635 Trade
448 4588 474 4632 et
501 4577 572 4654 copi
592 4577 687 4632 efferre
705 4575 806 4643 Syros,
831 4575 904 4642 quod
922 4571 1018 4641 reliqui
1037 4569 1105 4641 past

333 4682 521 4752 pronuntiant,
553 4681 617 4736 itam
642 4692 836 4748 saepenumero
857 4675 932 4742 Caph
956 4689 1007 4742 pro
1026 4673 1107 4740 Kopb

333 4779 478 4846 substitui,
517 4777 593 4832 ouius
627 4775 828 4845 permutationis
868 4768 1107 4824 luculentissimum

334 4885 489 4952 exemplum
513 4891 554 4936 est
576 4881 604 4935 in
632 4877 704 4952 pust
729 4885 757 4930 et
778 4863 892 4928 Μ
917 4871 992 4939 risit,
1026 4884 1107 4923 nemo

333 5001 398 5038 sana
413 4983 577 5050 infitiabitur,
591 4983 655 5054 quin
667 4977 725 5052 ΤΠ
742 4978 823 5035 auam
838 4992 887 5045 pro
906 4977 963 5040 pil
992 4982 1020 5027 et
1037 4973 1106 5034 W

334 5081 387 5134 dici
413 5081 506 5150 possit.
541 5085 603 5135 Hoc
628 5097 695 5136 vcro
720 5079 748 5132 in
773 5062 851 5146 specs
867 5073 892 5125 ll
916 5079 990 5124 notat
1008 5073 1105 5138 stipem,

335 5183 527 5245 eleemorynnm,
549 5183 683 5247 pecuniam
704 5178 756 5230 deo
781 5187 883 5227 samem
900 5167 1006 5239 largiri:
1034 5166 1106 5220 elus·

335 5295 387 5347 qua
403 5271 571 5350 perticipium
588 5279 724 5348 passimam
742 5275 824 5356 iii*
847 5275 931 5344 ipsam
960 5271 1041 5344 igitur
1058 5271 1108 5323 da-

335 5373 451 5449 sig'usbit
473 5365 604 5448 pecuniam
621 5381 678 5430 Deo
697 5377 824 5428 dicaam:
852 5379 879 5426 et
896 5378 952 5426 tota
968 5366 1108 5438 inscriptio

1173 3997 1216 4050 20
1240 3993 1321 4069 'liiii
1348 4003 1435 4067 stipent
1461 4012 1606 4066 argenteam
1633 3999 1800 4074 algulbeabll·
1837 4003 1892 4056 laur
1911 4018 1948 4058 ex
1970 4063 1972 4066 ,

1172 4095 1274 4149 utravis
1293 4096 1512 4164 interpretatione
1530 4100 1583 4152 boo
1595 4106 1702 4152 constat
1717 4098 1776 4152 siue
1788 4098 1948 4154 detrimento

1173 4201 1322 4253 sententiae
1345 4199 1432 4252 omitti
1450 4199 1569 4268 potuisse
1591 4201 1656 4253 illud
1674 4199 1736 4268 00,
1754 4203 1828 4272 qnod
1845 4211 1874 4256 ut
1886 4212 1948 4256 anta

1174 4295 1251 4362 dixi,
1274 4295 1303 4348 in
1323 4297 1459 4350 nonnullis
1477 4297 1608 4367 exemplis
1624 4294 1791 4354 desideratur
1811 4299 1881 4368 (imo
1897 4315 1946 4367 po·

1174 4394 1241 4447 tius:
1266 4409 1315 4462 pro
1331 4410 1385 4464 quo
1399 4393 1427 4446 iu
1443 4391 1501 4446 aliis
1516 4395 1648 4462 exemplis
1665 4397 1732 4450 aliae
1752 4396 1857 4449 litterae
1874 4411 1949 4448 com·

1173 4489 1330 4560 parent).“
1377 4493 1549 4564 Quantopere
1572 4492 1602 4544 in
1631 4491 1673 4545 bis
1701 4493 1807 4564 linguae
1830 4490 1948 4544 rationes

1174 4587 1282 4654 torserit
1305 4587 1481 4654 vindocino,
1505 4597 1534 4641 ut
1554 4587 1663 4642 adscitis
1684 4587 1802 4641 omnium
1818 4588 1949 4640 dialecto·

1173 4707 1233 4744 rum
1252 4690 1348 4743 ior-mis
1366 4707 1403 4744 ex
1426 4692 1492 4744 lalsa
1510 4691 1626 4744 lectione
1647 4685 1728 4757 'ltin
1755 4691 1820 4759 (pro
1839 4675 1947 4757 tum)

1175 4786 1334 4840 sententiam
1359 4789 1489 4856 mandam
1512 4787 1679 4859 nugatoriam
1696 4787 1820 4854 proiecto
1837 4795 1865 4840 et
1879 4785 1947 4840 sicli-

1175 4884 1262 4936 aulam
1285 4882 1429 4950 (piaculum
1449 4895 1592 4949 argenteum
1610 4892 1637 4936 at
1657 4887 1718 4950 stips
1736 4886 1871 4948 argentee)
1898 4900 1949 4940 ex·

1176 4981 1327 5046 scrrlperet,
1360 4995 1441 5032 nemo
1464 4996 1520 5032 uon
1545 4979 1687 5052 intelligit,
1718 4988 1746 5032 et
1763 4982 1843 5032 talem
1861 4980 1948 5050 expli-

1176 5073 1309 5129 cationem
1332 5091 1366 5127 ne
1390 5091 1615 5129 memorassemus
1638 5072 1762 5144 quidem,
1789 5075 1840 5130 nisi
1857 5077 1948 5131 stira

1173 5174 1295 5243 prolecta
1313 5180 1399 5238 esset,
1426 5173 1501 5225 cuins
1524 5173 1558 5226 dc
1576 5171 1635 5225 aliis
1649 5171 1744 5226 litteris
1767 5172 1948 5227 Orientalibus

1174 5269 1268 5324 merita
1284 5269 1312 5322 iu
1331 5269 1422 5324 debito
1437 5271 1544 5323 honora
1561 5270 1702 5324 habentur.

1465 5472 1506 5533 36
