4924 6304
513 625 588 704 174
629 620 763 690 LIBER
781 619 1030 694 SECUNDUS.
1059 616 1396 686 mscate'rmltas
1411 615 1696 684 ettoatt'tctna.
1729 616 1877 685 CAPUT
1892 615 2112 696 Quietum

514 816 656 903 penitam
677 811 799 877 isam.
816 816 866 890 18,
884 815 941 874 te:
975 827 1015 872 eo
1036 811 1133 896 igitur
1154 811 1247 895 tigno
1270 805 1352 872 nibil
1372 805 1510 894 ampliu·
1525 827 1619 893 qnam
1634 809 1833 872 monumenti
1847 804 1966 893 publici
1978 808 2132 874 iodicium

513 928 681 994 contineri.
725 923 789 988 Sed
820 943 896 986 vera
920 935 1027 986 tamen
1049 941 1163 1000 cauea,
1199 941 1256 986 cor
1277 941 1314 1015 '¹2
1336 934 1368 986 et
1390 941 1503 986 nonae
1523 935 1556 984 et
1577 929 1809 986 ammentant
1828 917 2008 1007 eignificet,
2045 918 2134 986 nulla

514 1038 580 1105 alie
609 1059 682 1102 eaeo
708 1037 853 1114 videtur,
891 1055 986 1122 quam
1018 1035 1103 1121 quod
1130 1055 1227 1099 munet
1247 1047 1443 1100 monatrator
1463 1046 1496 1098 et
1516 1033 1707 1100 immoler:
1741 1047 1837 1120 atque
1859 1031 2008 1119 frigidior
2031 1034 2133 1102 videri

513 1154 633 1240 poeait,
656 1163 861 1214 monumento
878 1149 1003 1212 cuidam
1018 1145 1198 1234 insculpere
1211 1145 1411 1232 aymbolum,
1434 1149 1519 1233 quod
1538 1145 1619 1212 nibil
1633 1143 1771 1232 amplior
1784 1166 1879 1233 qoem
1892 1160 2133 1214 monumentum

512 1261 683 1352 significet.
727 1259 772 1326 Ut
792 1283 897 1326 meam
918 1261 958 1326 de
980 1259 1042 1324 boc
1062 1257 1210 1343 ayrnbolo
1232 1261 1423 1324 sententiam
1441 1261 1562 1339 dicam,
1584 1258 1663 1324 mibi
1677 1255 1857 1324 nantilla
1870 1261 1962 1324 elota
1974 1261 2133 1345 precantia

512 1377 737 1460 adorantiaque
766 1371 818 1438 vel
845 1375 942 1438 etiam
970 1375 1117 1437 verentia
1142 1393 1216 1437 enee
1239 1373 1382 1452 videtur,
1420 1387 1455 1438 ot
1476 1371 1700 1438 Hebraeorum
1722 1370 1848 1459 pbraaia
1869 1373 1987 1438 tollere
2007 1391 2134 1440 man

512 1493 566 1582 (η
589 1491 676 1580 ttt'pp)
706 1507 770 1550 non
798 1483 902 1550 eolum
931 1486 1066 1550 iurantia
1094 1485 1152 1550 red
1180 1485 1276 1548 etiam
1305 1485 1469 1550 adorantia
1499 1499 1549 1550 eat
1574 1486 1649 1574 (Pa.
1670 1486 2072 1570 28,2.63‚5.134,2):
2101 1501 2134 1552 et

512 1603 649 1668 motem
678 1601 1004 1684 repraesentationem
1033 1599 1166 1662 memini
1194 1617 1246 1662 me
1275 1598 1385 1661 videre
1421 1611 1487 1662 tum
1523 1599 1556 1662 in
1585 1601 1801 1664 mouumentit
1828 1601 2042 1684 aegyptiacia,
2078 1601 2133 1688 qai

512 1715 634 1802 lapidee
657 1711 757 1776 votivi
777 1731 850 1776 enee
870 1711 1034 1790 ridentur,
1070 1725 1137 1775 tum
1158 1712 1193 1774 in
1219 1707 1421 1774 memorabili
1442 1709 1580 1798 quodem
1602 1673 1810 1800 inooomento
1831 1709 1962 1792 lndico,
1991 1711 2077 1798 quod
2097 1713 2141 1782 in.

513 1830 595 1894 atrio
615 1824 787 1890 Societatia
808 1821 970 1886 Asiaticae
992 1823 1210 1888 Londinenair
1224 1820 1388 1909 propalam
1403 1821 1592 1888 collocatum
1604 1837 1670 1902 eet,
1693 1821 1854 1909 lapidibue
1868 1825 1986 1889 nmtria
2003 1823 2134 1890 Patricia

513 1961 578 2006 nou
601 1935 762 2015 dissimili,
784 1936 992 2020 inscriptione
1015 1949 1121 2002 tameo
1144 1937 1332 2000 eanecritica
1347 1938 1479 2000 monito
1503 1975 1542 1988 -
1587 1934 1683 2002 Duae
1697 1934 1773 2000 illae
1789 1935 1931 2024 figurae,
1953 1958 2035 2025 quae
2048 1937 2135 2002 inlra

513 2073 620 2118 aream
643 2073 664 2114 a
684 2051 799 2114 dextra
820 2062 853 2111 et
873 2049 1005 2114 einiatra
1025 2063 1115 2135 parte
1139 2059 1342 2134 comparent,
1372 2050 1518 2115 rudioree
1540 2063 1616 2116 anot
1633 2045 1743 2114 Baalia
1762 2061 1795 2114 et
1812 2048 1959 2116 Aetertea
1977 2051 2133 2138 imaginat

512 2170 546 2230 io
569 2163 786 2230 monumentis
804 2157 987 2228 Phoeniciia
1009 2181 1106 2248 coepe
1128 2159 1244 2226 obviae
1265 2159 1316 2248 (r.
1339 2183 1426 2228 nom.
1449 2159 1582 2228 Concor.
1602 2159 1660 2226 lib.
1682 2159 1728 2226 111
1749 2183 1801 2229 no.
1815 2164 1881 2247 131

1205 2366 1443 2422 een*

640 2549 801 2638 Sequetur
827 2546 910 2634 lapia
937 2545 1192 2615 Hombertinoua
1221 2547 1380 2614 secundet
1406 2545 1578 2638 (carthag.
1599 2557 1619 2614 2
1649 2571 1702 2615 no.
1723 2553 1785 2636 17)
1813 2573 1834 2615 a
1855 2551 1969 2617 dextra
1990 2563 2079 2638 parte
2100 2565 2133 2616 et

513 2683 651 2752 aoperue
680 2659 858 2750 paullulum
880 2659 1011 2742 laeana,
1048 2663 1094 2726 ita
1116 2661 1262 2748 quidem,
1301 2675 1336 2726 ot
1358 2677 1470 2728 tenuea
1490 2659 1607 2750 lapidis
1625 2661 1737 2728 barilia
1758 2663 1898 2729 laminae
1920 2686 1939 2728 a
1960 2663 2132 2750 auperficie

511 2777 637 2846 solutae
667 2775 862 2854 deciderint,
893 2773 1071 2840 litteramm
1098 2789 1205 2838 eutem
1240 2771 1335 2839 altien
1372 2777 1544 2840 incitarem
1579 2777 1716 2864 vestigia
1747 2775 1955 2842 nibilomiooa
1983 2775 2038 2842 bic
2065 2775 2132 2842 illic

512 2893 757 2977 conspiciantur.
802 2885 971 2963 formula,
1008 2909 1071 2972 qua
1099 2901 1342 2952 monumentum
1368 2890 1493 2976 utrique
1519 2891 1644 2954 nomini
1673 2903 1899 2972 monocrator,
1936 2891 2049 2956 eadent
2070 2903 2131 2970 ert,

512 3003 617 3070 tolum
632 3022 751 3066 nomen
773 3003 935 3084 proprium
957 3002 1104 3063 verentia
1126 3001 1299 3066 diversum.

639 3143 774 3206 Litteris
802 3159 882 3224 quae
912 3140 1027 3203 denunt
1055 3161 1097 3202 ex
1121 3141 1299 3224 auperioria
1329 3141 1546 3226 inecriptionie
1569 3141 1747 3208 rationibua
1769 3145 1924 3210 restitutis
1946 3148 2129 3212 univercum

513 3255 641 3324 titulum
663 3257 708 3317 ita
728 3250 803 3336 lego
825 3266 858 3314 et
879 3253 1088 3336 interpretor:

723 3357 852 3462 59351
885 3357 992 3458 11ιώ
1026 3357 1173 3466 nub)
1357 3365 1548 3440 Domt'noe
1581 3369 1743 3444 Tanaitr'
1764 3384 1805 3446 et
1824 3371 1978 3446 domino

734 3517 816 3619 pm
847 3487 953 3591 §aab
984 3491 1087 3616 pleb
1117 3501 1174 3614 (p)
1358 3512 1492 3576 trottro
1518 3501 1609 3578 bero
1635 3505 1756 3578 Boob'
1780 3507 1915 3582 Solum

764 3647 942 3720 villelm
974 3645 1046 3720 77³
1078 3643 1175 3734 ml)
1358 3637 1420 3710 οὑ·
1449 3665 1585 3713 cenem
1616 3640 1888 3730 Adri-Ecurria,

727 3783 773 3886 pn
795 3751 1012 3854 'nonno-ra
1045 3779 1090 3879 pn
1121 3773 1173 3882 (3)
1346 3773 1462 3866 firm.
1492 3775 1789 3852 aee-arrone
1818 3777 1935 3871 fite..

948 3904 1174 4008 imiimi)
1358 3908 1646 3986 ded-Ermum:

513 4048 562 4114 Cl.
586 4041 717 4128 Encycl.
735 4067 835 4132 germ.
856 4041 944 4110 xxl
956 4065 989 4129 p.
1005 4048 1057 4108 97.
1098 4041 1150 4106 De
1164 4044 1293 4107 nomine
1307 4040 1536 4108 Atat-Emer·
1559 4041 1684 4124 (cultor
1703 4043 1905 4134 Aesculapii,
1937 4044 2130 4132 Aaclepiuo),

513 4160 598 4248 quod
625 4177 747 4221 verena
774 4179 846 4221 oum
877 4177 938 4219 avo
967 4176 1027 4219 auo
1058 4177 1225 4220 commone
1247 4155 1344 4220 habet
1372 4158 1421 4239 (v.
1443 4157 1483 4220 ad
1504 4153 1607 4222 Melit.
1632 4164 1648 4221 1
1672 4180 1703 4244 p.
1721 4161 1820 4244 100),
1856 4161 1929 4224 vide
1950 4159 1991 4224 ad
2013 4157 2076 4226 Cit.
2096 4169 2129 4224 4.

515 4273 577 4340 Pro
599 4287 763 4340 nummata
784 4266 1062 4346 bed-Astomi,
1091 4269 1173 4354 quod
1197 4265 1355 4354 inlepide
1375 4281 1441 4346 eet,
1471 4263 1714 4344 Quatremerioa
1734 4275 1916 4339 coniecerat
1935 4289 2129 4344 mamonae.

514 4386 578 4452 Sed
607 4387 732 4470 integra
756 4399 805 4446 eet
834 4381 938 4446 lorma
966 4397 1145 4458 nanum,
1182 4380 1307 4445 abiecta
1332 4378 1440 4444 littera
1472 4401 1510 4460 a,
1551 4383 1593 4448 cl.
1622 4401 1757 4469 pumen:
1784 4383 1848 4450 Cit.
1869 4393 1900 4452 3.
1942 4383 1990 4450 lta
2012 4409 2127 4453 nornen

512 4497 781 4567 Abd-Arturtet
800 4495 941 4580 (nonme
962 4497 1043 4578 πᾶν)
1065 4515 1180 4582 graece
1196 4515 1270 4558 raro
1287 4491 1380 4580 plene
1396 4493 1537 4576 effertur,
1557 4495 1745 4585 plerumque
1760 4503 1953 4565 contractiore
1968 4497 2130 4566 Bodottor

512 4609 709 4698 (anum),
738 4607 884 4693 adeoque
908 4605 1028 4672 Bottor
1048 4629 1079 4672 v.
1096 4603 1155 4670 lib.
1169 4605 1218 4671 lv
1238 4629 1265 4672 c.
1283 4611 1313 4670 3.
1356 4605 1499 4672 Videant
1520 4625 1627 4674 antem
1641 4614 1703 4676 viri
1717 4611 1821 4692 docti,
1844 4615 1928 4678 eitoe
1943 4631 1997 4710 ppn
2011 4637 2127 4680 nomeu

510 4729 627 4792 iudicia
655 4721 874 4788 israelitarum
906 4728 921 4785 l
947 4721 1109 4803 Samii,
1133 4729 1169 4787 11
1202 4741 1244 4784 ex
1267 4735 1343 4808 rrae
1366 4723 1471 4806 potina
1493 4737 1617 4802 ortum,
1651 4745 1746 4808 quam
1768 4739 1941 4810 praeeunte
1964 4722 2129 4794 Chaldaeo

510 4843 683 4926 interprete
711 4859 754 4902 ex
784 4851 892 4930 pap-pp
922 4833 1010 4901 filius
1038 4833 1136 4902 Daoi.
1180 4829 1225 4898 Ut
1247 4831 1368 4911 dicam,
1397 4837 1624 4921 quodmodo,
1656 4851 1713 4923 rt:
1737 4835 1760 4901 l.
1783 4859 1810 4902 c.
1832 4837 1970 4902 condem
1990 4840 2128 4908 iudicem

512 4973 584 5018 ctae
606 4973 740 5029 cenaeo,
778 4951 831 5036 qui
851 4947 1116 5030 laetatam
1137 4943 1315 5032 appellatur
1336 4957 1439 5045 plage.

639 5091 675 5156 ln
706 5089 889 5176 apographo
920 5089 1155 5154 Hombertiano
1186 5087 1250 5153 duo
1278 5091 1419 5156 maxime
1440 5090 1640 5157 emendanda
1661 5091 1789 5156 inveni:
1835 5091 1867 5175 t)
1893 5088 1991 5160 line
2020 5093 2128 5164 littera

511 5209 606 5275 tertia
625 5226 645 5268 a
667 5203 750 5282 fine,
780 5223 960 5290 quanquam
982 5224 1023 5267 ert
1047 5215 1139 5288 parte
1159 5203 1316 5282 evanida,
1345 5201 1516 5268 manileeto
1538 5204 1599 5270 luit
1622 5225 1663 5284 m,
1691 5225 1753 5271 non
1775 5224 1810 5270 n.
1855 5206 1888 5290 2)
1908 5203 2001 5274 lima
2021 5206 2127 5276 littera

511 5333 624 5416 quarta
645 5320 678 5382 in
702 5314 807 5402 lapide
829 5329 879 5380 eet
900 5313 1043 5394 Dulctd,
1073 5333 1136 5379 oon
1153 5313 1256 5418 dicti.
