4992 6292
491 637 543 716 84
604 629 737 702 ainau
759 628 934 702 PRIMUS.
975 624 1347 697 ranaaoanarnm
1368 623 1620 692 PHOENlGlA.
1662 624 1813 694 CAPU'P
1834 623 2053 694 PERTthl.

489 829 523 891 in
545 819 647 890 titulis
668 817 965 888 Kinuanschahiais
986 829 1095 880 essent
1115 813 1157 880 ab
1178 812 1245 878 illis
1267 813 1486 898 discrepamus
1506 816 1551 898 (v.
1572 815 1728 880 Miseret
1748 815 1891 879 &atesi
1909 815 1975 882 tab.
1998 819 2113 896 11151.

490 960 562 1025 pag.
584 941 636 1021 6);
660 950 693 999 et
715 955 797 998 novo
820 944 937 1016 puncto
956 931 1124 994 interiecto
1147 929 1287 1014 potiores
1307 923 1429 1012 figuras
1451 949 1495 992 ex
1516 931 1719 993 numismatis
1739 929 1854 1013 petitas
1876 929 1932 1014 (de
1944 927 2032 1014 Socp
2046 928 2067 995 l.
2082 951 2114 996 o.

489 1075 520 1138 p.
548 1055 607 1116 171
630 1048 739 1134 ibique
760 1043 823 1108 tuh.
844 1047 890 1127 7).
1572 1029 1576 1044 ’

619 1216 846 1300 Plerarumque
868 1212 1048 1277 litterarum
1070 1233 1113 1276 ex
1135 1206 1334 1295 Palmyrenis
1356 1211 1447 1298 origo
1471 1211 1550 1275 satis
1572 1209 1743 1276 manifesta
1764 1223 1813 1276 est
1835 1213 1880 1298 (v.
1902 1209 2003 1293 Beth,
2026 1213 2113 1294 Vas,

490 1333 588 1410 Chat,
618 1327 697 1406 Jod,
729 1325 839 1413 Caph,
869 1326 1008 1404 Larned,
1038 1323 1164 1403 Resch,
1189 1321 1300 1408 Tau):
1331 1320 1396 1387 alia
1418 1344 1482 1387 nou
1503 1325 1609 1388 miuus
1630 1338 1738 1403 certa,
1766 1321 1843 1389 lieet
1864 1346 1928 1390 nou
1951 1330 2057 1391 statim
2080 1331 2112 1391 in

490 1442 599 1510 oculos
615 1448 794 1518 incurrens,
809 1437 895 1504 velut
914 1435 1080 1524 Ateptfig.
1095 1435 1226 1520 palmyr.
1244 1442 1275 1516 7,
1300 1433 1437 1500 Sarnaca
1451 1457 1493 1501 ex
1513 1433 1704 1519 Palmyrena
1724 1459 1776 1502 no.
1789 1445 1820 1502 2.
1858 1437 1923 1503 Sed
1940 1438 2113 1504 nonnullae

489 1573 594 1622 tamen
625 1553 749 1640 figurae
781 1576 823 1618 ex
851 1553 912 1616 hoc
941 1552 1030 1615 laute
1052 1548 1206 1634 explicari
1229 1562 1407 1634 nequeunt,
1438 1561 1473 1624 at,
1492 1551 1546 1612 vix
1568 1548 1709 1613 dubitari
1735 1563 1860 1636 potent,
1887 1555 1964 1638 quin
1987 1551 2049 1616 hae
2071 1574 2112 1617 ex

490 1670 669 1754 antiquiore
694 1669 849 1751 scriptura
872 1665 1018 1744 Persica,
1051 1683 1144 1748 quam
1173 1659 1368 1725 Phoeniciae
1401 1661 1535 1748 originis
1564 1661 1665 1726 fuisse
1690 1683 1786 1747 supra
1815 1663 1952 1728 vidimus
1981 1667 2023 1746 (1.
2047 1665 2113 1747 50),

491 1795 579 1847 ortae
603 1783 677 1856 sint,
701 1775 800 1841 veluti
815 1777 913 1854 Zaira,
936 1776 1019 1864 quod
1034 1773 1288 1860 antiquissimam
1302 1771 1439 1859 figuram
1456 1773 1813 1859 phoenicio-persicam
1831 1779 1971 1840 servavit
1991 1779 2030 1860 (1.
2048 1777 2113 1860 18),

490 1907 522 1959 at
547 1894 620 1969 He,
643 1893 726 1977 quod
749 1890 836 1954 haud
857 1891 924 1954 scio
948 1910 988 1951 an
1011 1901 1116 1950 ortum
1138 1889 1180 1951 sit
1199 1908 1241 1950 ex
1264 1881 1348 1950 Chat
1367 1889 1581 1952 recentiorum
1605 1886 1801 1952 Phoenicum
1821 1890 1863 1968 (5.
1884 1891 1948 1973 19).

618 2057 768 2127 Ceterum
796 2059 830 2120 iu
860 2055 1009 2122 omnihus
1028 2054 1273 2118 Sassaaidaruru
1294 2057 1509 2120 monumentis
1530 2052 1630 2120 verba
1647 2057 1799 2122 oontima
1819 2059 1904 2122 serie
1925 2057 2114 2144 retrogrado

491 2195 585 2239 cursu
606 2175 727 2259 scripta
748 2185 837 2236 aaut:
858 2167 1037 2234 litterarum
1059 2166 1229 2254 ligatorum
1252 2165 1341 2232 nulla
1361 2165 1508 2254 exempla
1530 2181 1669 2232 exstant.

619 2349 648 2407 2.
691 2339 905 2426 Alphabatnm
930 2339 1106 2406 leudicam
1128 2359 1214 2402 nunc
1235 2335 1426 2401 ditissimum
1447 2335 1618 2423 multisque
1638 2334 1754 2403 litteris
1776 2354 1942 2420 constans,
1977 2361 2119 2427 quarum·
2184 2329 2188 2340 ⁴

492 2469 678 2543 potestatem
693 2475 735 2518 ex
748 2437 930 2540 linguarum
944 2450 1221 2516 Sansaritanarum
1240 2447 1390 2536 analogia
1405 2472 1507 2536 nuper
1522 2453 1651 2538 egregie
1667 2449 1840 2537 explicarit
1852 2452 1998 2540 Boppa'as
2013 2455 2115 2534 (Ver-

490 2568 685 2658 gles'clleadc
708 2565 908 2632 Grammatt'k
931 2562 1179 2652 dessonare,
1209 2561 1305 2628 Zered
1324 2585 1355 2628 a.
1378 2585 1404 2627 s.
1426 2585 1465 2628 w.
1487 2587 1517 2649 p.
1541 2569 1581 2628 29
1604 2561 1694 2650 sqq.)
1722 2587 1742 2630 a
1764 2565 1979 2651 disputatione
2003 2581 2114 2632 nostra

491 2682 627 2747 alienius
649 2680 751 2743 videri
772 2680 882 2764 possit.
925 2675 971 2742 Aa
991 2680 1025 2741 iu
1047 2679 1145 2744 tantis
1166 2679 1237 2740 eius
1259 2675 1489 2740 mutationibus
1511 2679 1781 2763 incrementisque
1803 2675 1887 2741 haud
1907 2699 2026 2764 paucas
2042 2681 2113 2744 eius

388 2787 393 2797 ’
489 2793 614 2861 litteras
637 2793 752 2878 partim
774 2811 816 2854 ex
837 2791 1055 2855 vetustissima
1077 2788 1246 2853 Persarum
1273 2791 1432 2874 scriptura
1460 2803 1604 2854 servatas
1632 2809 1704 2854 esse
1726 2801 1758 2853 at
1780 2791 1884 2875 ipsam
1906 2789 2112 2855 Phoenicium

490 2907 647 2994 originem
669 2903 803 2992 prodere
824 2903 872 2985 (v.
896 2897 1034 2980 beleth,
1058 2899 1173 2985 Saia),
1202 2903 1316 2986 partim
1347 2921 1389 2966 ex
1422 2899 1683 2985 Palmyrenorum
1707 2913 1739 2965 et
1760 2901 2005 2967 Sassanidarum
2027 2902 2115 2967 litte-

490 3034 598 3086 ratura
614 3033 712 3096 ortas,
735 3031 768 3082 et
789 3017 867 3080 satis
887 3029 1009 3079 cartura
1031 3014 1157 3078 videtur
1179 3025 1210 3077 et
1230 3011 1341 3078 tabula
1362 3027 1472 3078 nostra
1494 3011 1574 3099 (tab.
1589 3015 1608 3076 5
1624 3009 1683 3078 ιοΙ.
1707 3019 1721 3100 )
1744 3015 1946 3096 monstrabit,
1970 3017 2003 3081 iu
2019 3035 2112 3103 quarn
2161 3005 2165 3014 ’

490 3131 619 3196 omissis
641 3127 774 3217 reliquis
795 3132 936 3193 incertae
957 3128 1093 3213 originis
1114 3123 1229 3190 litteris
1242 3127 1380 3207 ‘nonnisi
1403 3145 1459 3191 eas
1480 3127 1677 3214 recepimus,
1707 3149 1840 3215 quarum
1856 3131 1948 3216 origo
1962 3129 2113 3195 Semitica

492 3265 533 3309 ex
557 3239 629 3330 ipsa
649 3241 754 3330 figura
775 3241 945 3307 manifesta
968 3254 1028 3304 est.

912 3487 955 3554 lt.
1004 3485 1308 3556 SCRIPTURA
1345 3485 1685 3555 AE'l’HlOPlCA.

1245 3681 1273 3756 1.
1304 3683 1356 3744 55.

619 3819 814 3905 Aethiopum
843 3814 967 3883 litteras
995 3840 1098 3906 neque
1126 3817 1166 3884 ah
1197 3821 1276 3906 ipsis
1297 3819 1473 3883 Auximitis
1492 3818 1657 3894 iuventas,
1686 3835 1789 3902 neque
1811 3837 1946 3902 graecae
1976 3821 2110 3904 originis

492 3957 562 4000 esse
575 3937 614 4016 ')‚
637 3935 694 3999 sed
710 3932 916 3996 Phoenicium
936 3929 1148 3998 litteraturam
1171 3945 1304 3996 matrem
1327 3927 1379 3994 val
1401 3931 1505 4016 potins
1527 3929 1633 3992 aviam
1651 3925 1783 4008 habere,
1808 3931 1941 4016 primus,
1958 3934 1992 3995 ni
2006 3929 2111 4008 fallor,

359 4119 365 4136 Ι
491 4051 560 4133 ipse
588 4047 698 4133 paucis
729 4045 864 4131 exposui
891 4045 923 4108 in
952 4041 1220 4130 EacpcIopuedt'a
1241 4045 1426 4108 uniuersale·
1444 4018 1494 4106 nb'
1507 4037 1648 4105 Eraclia
1671 4050 1705 4106 et
1729 4041 1878 4112 Gruhera
1900 4044 1992 4109 edito
2014 4039 2054 4106 Τ.
2070 4040 2110 4109 11.

382 4199 387 4208 ·
490 4184 521 4247 p.
538 4154 599 4223 trs
615 4157 736 4242 (1819),
761 4157 845 4244 quod
866 4157 990 4245 fugisse
1014 4158 1140 4221 ridetur
1162 4155 1350 4242 Κορρίιιιιι,
1383 4157 1437 4241 qni
1460 4153 1592 4238 biennio
1614 4169 1685 4240 post
1707 4152 1837 4240 (Bilder
1857 4157 1926 4222 read
1939 4153 2112 4234 Sclrr‘ften

491 4271 541 4351 ll,
572 4295 602 4358 p.
625 4275 709 4354 344)
738 4268 800 4334 hoa
828 4285 1051 4357 argumentum
1080 4283 1230 4355 tanquam
1260 4290 1371 4334 recens
1401 4289 1478 4333 aaa
1501 4270 1665 4332 inventum
1691 4264 2049 4354 retractans'vulgareur
2072 4268 2116 4331 da

490 4406 608 4474 graeca
629 4385 755 4470 origine
776 4386 960 4469 opinionem
982 4385 1109 4468 penitus
1131 4382 1271 4470 explosit
1285 4381 1339 4468 **).

544 4698 569 4765 ¹)
588 4698 666 4753 Prior
682 4695 816 4752 ιοιιιιιιίι
838 4701 897 4747 erat
920 4695 984 4748 Ιοιι
1010 4693 1140 4748 Lononrr
1164 4693 1194 4747 ia
1211 4696 1269 4748 lust.
1338 4702 1397 4748 uns
1418 4693 1450 4748 ia
1469 4697 1576 4750 Troada
1599 4697 1626 4744 ιιι
1651 4694 1786 4758 Abysrtus
1804 4710 1832 4760 p.
1851 4691 1918 4758 411,
1941 4691 1989 4745 nbi
2005 4699 2113 4747 setara

494 4797 602 4863 caltiup.
619 4794 653 4863 t,
673 4799 687 4848 1
706 4795 743 4848 cl.
764 4796 898 4847 conmeat-
916 4793 952 4844 οὐ
967 4791 1023 4845 hiat.
1043 4793 1151 4860 canop.
1168 4809 1195 4860 p.
1209 4792 1270 4859 555,
1337 4789 1439 4848 litteras
1457 4788 1631 4857 Aethiopiam
1652 4787 1763 4842 exhibet
1786 4789 1815 4841 ia
1840 4806 1936 4843 suarm
1961 4797 2036 4857 parte
2053 4805 2112 4842 rno-

492 4891 628 4960 pooterior
644 4893 804 4954 multorum,
831 4903 899 4956 quos
922 4895 1047 4962 reaepaet
1063 4891 1180 4956 Kappiss
1198 4889 1217 4942 1.
1234 4905 1270 4956 a,
1339 4887 1460 4944 uumauti
1485 4883 1645 4940 Axurnitani
1673 4882 1829 4952 hscntptns.
1864 4883 1894 4940 Si
1921 4886 2011 4952 auhn,
2040 4888 2111 4955 quod

495 4986 594 5055 umque
613 4997 641 5040 et
661 4987 720 5057 ipsa
739 4986 805 5040 olim
816 4984 1028 5054 subscripserant
1046 4985 1112 5053 (atra
1126 4989 1186 5052 tier.
1199 4987 1269 5038 heir.
1339 4983 1405 5040 ιιίιο
1422 4982 1578 5053 probabile,
1598 4981 1666 5034 haec
1682 4979 1821 5050 imcrlptio
1838 4981 2000 5052 Aethiopica
2017 4985 2111 5038 mam

493 5099 521 5152 p.
540 5081 617 5150 158).
653 5083 704 5136 His
727 5099 812 5149 uero,
842 5082 888 5152 qui
914 5082 1014 5137 reiecta
1036 5082 1139 5136 Graeca
1164 5081 1269 5155 origiue
1338 5089 1460 5148 tempore
1473 5095 1534 5132 caus
1546 5077 1745 5131 Graeculuoiss
1760 5086 1810 5143 ast,
1830 5079 2120 5154 recteindacolligas,¹

491 5175 655 5234 'douuticas
679 5180 743 5234 huic
770 5180 936 5234 litteraturae
964 5177 1084 5250 origines
1110 5179 1269 5246 tribuerent,
1338 5177 1439 5230 litteras
1465 5173 1523 5227 aius
1547 5173 1601 5226 iarn
1626 5172 1746 5227 aranu
1771 5184 1893 5244 tempora
1922 5175 1950 5230 iu
1970 5179 2112 5248 Aethiopia

495 5293 559 5342 prae
585 5275 683 5329 ceteris
713 5277 896 5331 accensendus
925 5273 1052 5330 Scaurus
1075 5285 1169 5330 ooutrs
1191 5279 1271 5330 Mur·
1339 5269 1497 5326 doruastioas
1514 5269 1608 5324 luisse·
1712 5345 1714 5350 Ι

495 5392 582 5441 myram
602 5373 646 5442 (ad
660 5371 767 5426 Brnce's
788 5377 894 5426 Tracta
913 5374 976 5428 Vol.
995 5373 1033 5440 ll,
1052 5389 1076 5440 p.
1097 5372 1161 5436 102)
1177 5371 1271 5438 dispu-
1392 5361 1435 5432 ”)
1453 5365 1495 5420 cl.
1513 5366 1652 5436 Hapfeldlt'
1669 5371 1780 5422 merda.
1801 5371 1910 5439 orthiap.
1927 5388 1954 5439 p.
1974 5377 1988 5424 1
2006 5388 2067 5442 sqq.
