5004 6306
502 637 580 712 222
621 629 756 699 LIBER
773 625 1018 698 SECUNDUS.
1048 621 1384 694 ln'sctttastonas
1401 620 1683 692 Pnoantctas.
1716 621 1862 692 CAPUT
1877 623 2124 693 SEP'PlhlUM.

507 819 610 911 qualis
631 817 811 906 sigillorum
835 815 918 902 apud
940 816 1054 880 Persas
1076 835 1148 879 esse
1170 812 1269 894 solet,
1303 817 1336 880 in
1358 809 1452 878 salut
1476 808 1665 878 collectione
1688 813 1812 877 viderat
1832 833 1972 901 suosque
1994 815 2028 880 io
2049 835 2127 880 usas

507 933 653 1022 sulphuri
676 935 901 1016 impresserat:
923 948 1023 1016 penes
1045 949 1138 1014 quem
1163 949 1249 994 nunc
1272 940 1375 1006 esset,
1399 924 1587 1010 nesciebat.¹

634 1043 789 1130 Figurae,
814 1061 947 1128 quarum
971 1037 1219 1124 explicationem
1241 1037 1463 1126 archaeologis
1484 1035 1648 1123 relinquo,
1679 1038 1858 1117 Persicam,
1883 1041 1912 1102 si
1930 1039 2004 1126 quid
2021 1039 2127 1120 video,

507 1181 572 1226 non
595 1157 824 1244 Aegyptiacam
843 1154 1041 1216 monumenti
1067 1155 1224 1239 originem
1241 1155 1395 1239 produnt,
1425 1149 1635 1236 arguentibus
1650 1152 1684 1216 id
1698 1154 1837 1216 maxime
1850 1149 1964 1238 figuris
1979 1150 2128 1218 humanis

507 1272 642 1360 pedibus
670 1269 839 1332 disiunctis
867 1280 899 1330 et
925 1264 1041 1351 capillo
1065 1265 1233 1330 Persarum
1256 1287 1346 1330 more
1368 1283 1473 1330 comto
1494 1262 1690 1350 insignibus.
1733 1264 1877 1329 Litterae
1899 1279 2006 1328 autem
2028 1264 2128 1351 phoe-

507 1387 630 1462 niciae,
657 1401 739 1469 quae
761 1379 847 1444 haud
869 1378 965 1444 dubie
988 1399 1105 1443 nomen
1127 1380 1207 1458 viri,
1237 1380 1292 1468 qui
1314 1377 1375 1443 hoc
1397 1375 1539 1464 sigillum
1562 1390 1723 1462 gesserat,
1747 1377 1910 1456 indicant,
1932 1375 1994 1440 hae
2016 1391 2106 1442 sant:

946 1507 1077 1614 'amb
1462 1513 1645 1610 Sargudt',

507 1693 541 1758 in
570 1705 704 1773 quarum
731 1682 845 1770 liguris
873 1680 955 1748 nihil
984 1679 1146 1768 peculiare
1173 1693 1240 1758 est,
1279 1701 1373 1767 quatu
1405 1677 1561 1761 Samecd,
1598 1684 1690 1750 cuius
1717 1679 1823 1746 lineae
1844 1682 2028 1768 superiores
2049 1678 2129 1746 alibi

507 1799 645 1887 fulgoris
673 1798 814 1882 speciem
842 1797 1006 1860 imitantes
1033 1807 1127 1880 atque
1156 1796 1239 1858 inter
1269 1814 1304 1856 se
1334 1795 1521 1860 coniunctae
1550 1797 1584 1860 ia
1612 1794 1674 1860 hoc
1702 1790 1811 1880 sigillo
1842 1795 2019 1860 disiunctae
2044 1806 2130 1862 suna

507 1912 635 1980 Numen
665 1911 829 1995 proprium
863 1903 969 1972 aute'm
999 1921 1081 1976 'tanc
1115 1907 1214 1970 raddo
1235 1913 1393 1992 princeps
1412 1906 1579 1986 fortassee
1608 1910 1630 1971 i.
1654 1929 1684 1994 q.
1713 1927 1749 1992 'ts
1780 1910 1850 1992 nist,
1886 1907 1927 1976 ci.
1958 1917 2071 1994 *talenta
2093 1909 2128 1972 in

508 2024 682 2090 scarabaeo
703 2043 758 2090 no.
782 2027 835 2086 68.
879 2019 915 2085 ln
939 2035 1071 2104 utroque
1096 2034 1116 2085 c
1139 2017 1246 2082 littera
1268 2021 1319 2084 usi
1340 2034 1415 2084 sunt
1436 2042 1493 2104 pro
1515 2025 1560 2098 ic,
1591 2043 1685 2108 qaam
1708 2019 1789 2087 abui
1809 2021 2006 2107 distinguere
2019 1991 2129 2106 aequi·

508 2139 587 2203 bant
618 2133 806 2199 Phoenices.
858 2130 959 2196 Cuius
984 2135 1129 2218 regionis
1159 2135 1312 2219 cuiusque
1343 2130 1460 2196 natalis
1489 2135 1532 2196 sit
1560 2146 1817 2214 monumentum,
1856 2135 2034 2197 accuratius
2063 2153 2128 2196 non

511 2249 629 2316 definio
657 2243 831 2331 (definient
858 2245 996 2308 fortasse
1018 2242 1260 2332 archaeologi):
1291 2267 1389 2308 unum
1413 2267 1544 2323 oroneo,
1581 2243 1703 2332 figuras
1726 2246 1855 2310 Persico
1876 2244 1963 2310 cultu
1985 2248 2129 2333 insignes

510 2386 582 2429 cum
612 2357 878 2446 inscriptionibus
907 2355 1091 2421 Phoeniciis
1117 2358 1212 2420 etiam
1239 2359 1273 2422 in
1303 2355 1436 2422 Ciliciae
1466 2359 1572 2422 numis
1602 2358 1731 2428 Persica
1755 2371 1858 2424 aetate
1880 2362 1966 2424 cusis
1988 2361 2129 2444 conspici

441 2567 447 2580 ι
510 2479 558 2562 (v.
581 2451 643 2540 lib.
661 2471 719 2552 Ill,
741 2493 811 2558 cap.
834 2471 886 2556 2).

1219 2620 1347 2686 LXVll
1371 2648 1421 2696 ter.

637 2787 667 2846 t.
713 2775 906 2842 Cornalinus
928 2777 962 2838 in
986 2773 1174 2839 collectione
1197 2773 1340 2840 Anatolii
1362 2773 1549 2840 Deiuidolfii
1572 2779 1720 2856 comitis,
1759 2783 1812 2863 qui
1834 2799 1934 2864 gypso
1956 2801 2130 2866 expressus

509 2899 612 2962 estin
638 2891 837 2978 „Impreate
858 2893 1068 2976 gemmarie“
1099 2890 1238 2953 instituti
1265 2886 1502 2974 archaeologici
1530 2888 1668 2952 llomani
1697 2905 1779 2955 cent.
1802 2888 1844 2970 ll,
1865 2913 1918 2955 no.
1941 2897 1993 2957 37.
2039 2893 2129 2958 Deli-

468 3055 471 3064 ·
509 3011 690 3075 neationcrn
722 3007 791 3068 eius
820 3001 910 3088 ligno
939 3003 1073 3064 incisam
1102 3021 1235 3085 eamque
1263 3002 1296 3064 in
1322 3002 1426 3065 maius
1448 3013 1572 3065 auctam
1595 3003 1682 3068 dedit
1710 2999 1871 3067 Wranrus
1907 3005 1965 3087 (de
1995 3011 2130 3092 graviss.

508 3127 607 3188 inscr.
630 3141 661 3205 p.
680 3116 761 3203 40),
799 3117 833 3178 in
865 3135 926 3198 qna
954 3111 1058 3198 figura
1080 3111 1331 3198 Triptolemum,
1363 3116 1396 3177 ni
1419 3113 1531 3196 fallor,
1560 3117 1722 3195 reserens,
1751 3117 1881 3182 sinistra
1901 3122 2130 3206 manuspicas,

509 3237 624 3304 dextra
645 3251 745 3296 cornu
764 3229 874 3312 copiae
896 3239 1073 3304 tenentem,
1095 3228 1172 3292 satis
1194 3225 1276 3292 bene
1298 3249 1452 3313 expressa
1473 3243 1539 3308 est,
1562 3227 1687 3296 litterae
1709 3228 1897 3314 phoeniciae
1919 3252 1996 3297 vero
2013 3238 2131 3319 partim·

509 3350 615 3414 minus
637 3356 784 3408 accurate
806 3339 948 3404 redditae
967 3352 1042 3402 sunt
1064 3339 1114 3418 (v.
1137 3359 1157 3400 a
1178 3339 1293 3404 dextra
1314 3355 1403 3425 parte
1431 3339 1492 3406 litt.
1516 3347 1535 3406 3
1558 3355 1591 3406 et
1611 3351 1649 3420 t,
1685 3365 1704 3406 a
1732 3345 1863 3408 sinistra
1884 3342 1946 3414 litt.
1969 3353 2006 3424 2,
2039 3350 2130 3414 caius

510 3480 627 3546 scapus
657 3455 785 3541 longior
817 3473 889 3518 esse
919 3449 1072 3531 debebat,
1107 3448 1169 3516 litt.
1192 3455 1211 3514 3
1234 3459 1307 3516 et4
1336 3455 1426 3518 caius
1457 3457 1546 3539 scapi
1570 3457 1604 3518 in
1626 3457 1696 3540 ipsa
1717 3438 1844 3541 gemma
1867 3459 1913 3520 ita
1934 3475 2129 3546 compareat,

510 3587 544 3642 ut
572 3571 757 3636 inferiorem
788 3569 858 3632 eins
887 3580 1010 3652 partem
1039 3566 1145 3628 rninus
1174 3562 1239 3627 alte
1267 3561 1461 3650 insculptam
1485 3566 1586 3631 luisse
1609 3565 1792 3652 appareat).
1845 3567 1937 3646 Quae
1958 3587 1994 3638 ut
2014 3574 2129 3641 melius

507 3685 645 3751 iudicari
672 3683 814 3768 possint,
852 3699 911 3743 nos
940 3676 1025 3760 (tab.
1055 3677 1116 3760 28)
1147 3675 1268 3763 figuras
1298 3699 1341 3742 ex
1370 3676 1489 3742 Wihlii
1517 3677 1731 3744 delineatione
1769 3681 1916 3748 dedimus
1953 3688 1986 3750 in
2017 3691 2129 3774 paucis

509 3797 620 3882 (velut
646 3798 681 3860 in
709 3793 814 3858 forma
842 3803 1027 3876 serpentum
1057 3803 1089 3852 et
1118 3809 1219 3853 cornu
1249 3787 1382 3877 copiae)
1417 3806 1592 3870 correctas,
1630 3808 1756 3858 serrata
1786 3797 1881 3858 etiam
1910 3803 2129 3886 magnitudine

509 3915 579 3978 eius
602 3913 693 3995 (ipsa
721 3907 807 3970 enirn
831 3925 957 3992 gemma
979 3904 1109 3966 nonnisi
1138 3923 1242 3966 unam,
1265 3904 1398 3989 digitum
1424 3901 1489 3967 alta
1512 3906 1599 3989 est):
1629 3903 1751 3972 litteras
1781 3928 1857 3973 vero
1884 3907 2128 3999 diligentissime

510 4022 763 4089 ernendavimna.
1433 4010 1436 4022 ’

638 4169 669 4226 2.
713 4157 749 4224 la
771 4155 908 4224 lectione
931 4170 963 4220 et
984 4158 1245 4241 interpretatione
1268 4158 1338 4220 eius
1358 4159 1403 4220 ita
1424 4171 1568 4222 versatus
1590 4174 1639 4223 est
1668 4137 1830 4243 Wihliua,
1870 4177 1906 4229 ut
1934 4187 1990 4230 eaa
2016 4164 2127 4254 legens

509 4281 544 4342 iu
559 4273 759 4339 fourmontii
775 4271 842 4335 lere
857 4286 1000 4356 tempora
1014 4270 1166 4334 recidisse
1179 4269 1238 4333 tibi
1252 4269 1403 4334 videaris.
1449 4266 1596 4357 Namque
1609 4273 1648 4335 de
1663 4271 1841 4340 litterarum
1855 4275 1976 4364 figura,
2000 4283 2128 4368 quaein

509 4387 671 4478 plerisque
695 4385 856 4466 (maxime
878 4380 998 4448 axilla
1020 4379 1253 4466 delineatione)
1277 4381 1362 4446 haud
1384 4381 1547 4448 itaiacilis
1563 4388 1673 4471 agnitu
1688 4402 1774 4468 erat,
1798 4411 1838 4453 ne
1853 4389 1985 4457 verbulo
2001 4395 2129 4482 quidem

510 4503 694 4590 disputans,
730 4519 792 4589 quo
821 4517 912 4562 suana
941 4491 1112 4565 lectionem
1140 4495 1334 4574 vindicaret,
1363 4497 1410 4574 is,
1441 4517 1522 4581 quae
1551 4519 1570 4562 a
1600 4499 1713 4564 dextra
1735 4515 1822 4588 parte
1846 4501 2021 4590 habentur,
2050 4507 2132 4598 legit

508 4633 598 4696 aas,
629 4633 710 4700 quae
732 4632 751 4674 a
772 4611 902 4675 sinistra
924 4621 969 4676 ηπ
992 4624 1080 4687 han,
1110 4628 1210 4696 eaque
1233 4610 1280 4671 ita
1299 4605 1444 4694 copulata

1198 4757 1243 4812 il'l
1271 4758 1341 4814 can
1370 4759 1441 4814 7722

511 4887 678 4954 transfert:
700 4886 851 4950 tetstatto
872 4877 1043 4946 Mercurii
1061 4877 1224 4960 ssdlisrr's,
1245 4880 1334 4960 „die
1360 4879 1479 4948 Wes'be
1499 4881 1557 4946 des
1578 4879 1763 4948 erdodeaes
1784 4883 1976 4966 tamem,-
2003 4889 2044 4954 de
2066 4911 2130 4979 qun

509 4998 648 5064 lectione
669 4995 771 5061 libere
795 4993 964 5060 dicendum
987 5005 1048 5071 eat,
1070 4995 1200 5059 nonnisi
1221 4996 1316 5060 unius
1334 4991 1460 5060 litterae
1481 4993 1611 5080 (Mese)
1633 5007 1819 5080 potestatem
1840 5011 1927 5062 recte
1949 4999 2127 5088 definitam,

511 5109 634 5198 reliqua
656 5096 764 5175 omnia
783 5110 829 5172 ita
847 5127 905 5194 pro
926 5103 1063 5171 libidine
1084 5103 1189 5172 efficta
1209 5127 1282 5173 esse
1309 5105 1416 5194 (unde
1441 5109 1527 5172 enim
1553 5122 1695 5187 constat,
1735 5123 1770 5172 ut
1791 5107 1853 5176 hoc
1875 5133 1939 5177 uno
1961 5116 2129 5206 defungar,

511 5222 666 5290 Mercurii
685 5243 802 5288 nomen
824 5219 909 5307 apud
930 5217 1109 5284 Phoenices
1130 5219 1233 5288 inisse
1254 5236 1343 5300 toan,
1368 5241 1463 5307 quam
1484 5221 1516 5284 in
1540 5217 1581 5284 V.
1595 5217 1636 5286 Τ.
1658 5219 1839 5289 Mercurius
1860 5235 1911 5324 ‘rap
1932 5227 2128 5315 appellaturi

512 5359 590 5404 uuar
625 5332 778 5404 credibile
813 5346 879 5414 est,
923 5331 1103 5398 Phoenices
1135 5357 1254 5402 noman
1293 5353 1447 5420 graecum
1473 5332 1669 5419 ,adoptasset
1711 5357 1754 5403 au
1796 5337 1880 5406 iorte
1916 5339 1978 5407 boc
2011 5367 2127 5412 amnon
