4906 6300
361 619 704 692 mscalr'ttomas
718 621 959 692 mutuatas.
987 623 1067 692 XV.
1083 623 1178 694 XVI.
1193 625 1304 694 XVII.
1341 625 1559 696 CITIENSIS
1574 629 1732 740 Vntttt
1745 653 1789 700 ar
1803 633 1848 702 X.
1895 571 1968 716 130

465 810 619 878 ,Litterae
641 827 706 879 roa
737 809 832 893 (nam
855 815 950 882 tertia
972 811 1179 880 liberabi.
1201 827 1234 879 et
1246 812 1315 880 lin
1330 820 1350 881 3
1366 827 1439 882 ‘non
1462 815 1526 882 alia
1547 839 1619 884 esre
1633 833 1747 906 potest
1763 837 1868 910 atque
1883 824 1968 916 lod)

337 925 471 992 inuetirn
483 921 587 990 laetae
601 937 710 990 essent
723 927 802 1011 *tiraq
815 931 870 991 ori·
889 948 916 992 s.
930 932 1069 994 mumius
1080 947 1168 992 nese
1182 940 1216 992 et
1228 929 1354 1014 oippnrn
1368 951 1388 993 a
1401 931 1498 995 vidna
1514 933 1653 1016 positum
1671 935 1887 1022 designarent.
1923 938 1969 1006 At

338 1059 443 1104 nona
455 1035 601 1116 muliere,
622 1036 679 1102 sed
694 1058 715 1100 a
726 1039 809 1118 viro,
831 1039 864 1104 id
878 1053 1120 1106 monumentum
1132 1043 1272 1126 positum
1285 1061 1367 1122 esse,
1385 1063 1427 1108 ex
1441 1043 1649 1130 sequentibus
1663 1063 1804 1132 apparet.
1832 1048 1968 1117 Videtur

338 1153 438 1238 igitar
458 1167 472 1204 r
493 1151 670 1235 scripturae
685 1151 909 1237 eompandinm
924 1172 998 1218 ease
1011 1174 1069 1239 pro
1083 1169 1132 1219 aaa
1145 1151 1272 1232 festus,
1293 1163 1462 1220 senectute
1476 1129 1612 1242 pressos
1633 1157 1687 1244 (s.
1702 1157 1824 1247 Tripol.
1840 1165 1879 1247 2)
1901 1163 1966 1246 vel,

339 1263 425 1350 qnod
445 1261 574 1341 malina,
600 1277 660 1347 pta
679 1265 891 1330 eaam'ls'urs'tts
912 1263 1085 1354 ¹(orsosnl),
1114 1273 1237 1331 snmus
1258 1272 1391 1353 regius,
1423 1267 1464 1332 ei.
1488 1267 1613 1353 plenius
1638 1281 1699 1358 prr
1718 1287 1769 1341 tta
1791 1272 1854 1342 Cit.
1870 1283 1924 1344 33.

464 1379 583 1473 quaiso}
590 1399 613 1418 ·
623 1378 680 1462 ιιι)
701 1395 796 1462 quem
812 1377 949 1444 domnail
962 1376 1088 1453 Eretria
1108 1380 1130 1444 i.
1143 1399 1173 1442 a.
1190 1379 1466 1464 Asclepiadem,
1495 1402 1568 1447 onm
1590 1399 1613 1450 tt
1631 1397 1691 1448 art.
1710 1407 1770 1472 pro
1792 1386 1919 1476 vulgari
1931 1407 1966 1460 rt.

337 1527 432 1608 Quod
453 1531 598 1616 nequitur
643 1496 681 1646 1·
707 1542 756 1593 est
777 1531 904 1617 signum
927 1525 1152 1612 distinotionis,
1176 1533 1261 1619 qnod
1276 1535 1382 1597 rtatim
1398 1536 1519 1620 exeipit
1539 1555 1656 1602 nomen
1678 1539 1748 1605 eius
1770 1534 1824 1628 qni
1839 1541 1965 1611 titulum

336 1668 463 1754 posuit,
493 1665 640 1754 praefixo
662 1663 785 1732 Lamed
807 1661 949 1760 au'otoria
971 1666 1010 1732 el
1032 1667 1073 1734 ad
1098 1664 1162 1732 Cit.
1184 1671 1213 1732 3.
1228 1672 1281 1733 23.
1299 1673 1350 1734 33.

449 1766 764 1878 ’κξζῇἻ-ῦξῃξ)
794 1775 921 1845 Nomen
949 1775 1118 1866 proprium
1147 1783 1405 1852 tabor-*mma
1436 1779 1577 1848 colorem
1609 1782 1708 1851 babet
1733 1808 1864 1872 prorsus
1894 1813 1965 1857 ara·

337 1873 465 1959 meeum
492 1906 526 1958 et
554 1889 640 1958 baud
670 1895 738 1958 seio
768 1915 810 1957 an
838 1883 1010 1962 'mamaeae
1037 1895 1147 1980 stirpis
1176 1892 1340 1961 hominem
1370 1895 1502 1981 prodat,
1540 1878 1576 1962 ut
1603 1897 1637 1960 in
1659 1895 1703 1965 V.
1724 1897 1764 1964 Τ.
1794 1901 1886 1998 bqqq
1915 1919 1965 1971 est

336 2027 453 2072 nornen
483 2003 558 2090 Syri
584 2003 725 2096 bominis
753 2027 863 2091 syrum
900 2002 968 2072 Jer.
996 2011 1035 2086 7,
1057 2012 1091 2071 ’8.
1149 2004 1304 2074 Nostrum
1335 1999 1555 2074 reddiderimt'
1585 2010 1691 2076 iudea
1718 2033 1744 2076 a·
1765 2015 1964 2098 praefectae

336 2122 474 2226 (ffb)
505 2123 685 2184 exercitur.
716 2115 720 2122 “
870 2109 872 2117 ’

464 2265 538 2318 boot
561 2247 737 2338 5035οῑ3)
766 2243 893 2314 Versus
917 2247 1133 2336 perdifficilia.
1177 2247 1272 2314 Prius
1300 2251 1419 2316 nomen
1449 2252 1611 2337 proprium
1633 2265 1757 2338 patrem
1783 2257 1870 2336 eina,
1911 2263 1965 2346 qni

335 2362 464 2431 titulum
483 2363 611 2450 posuit,
641 2361 833 2450 designans,
865 2383 908 2428 ex
935 2345 1119 2428 oonieotura
1138 2360 1206 2448 legi
1227 2363 1323 2432 boto
1355 2360 1551 2448 (litterarum
1578 2363 1704 2452 figurae
1722 2367 1846 2436 ferrent
1866 2375 1962 2440 etiarn

335 2479 426 2548 batim
439 2523 448 2556 ,
481 2475 593 2560 imbra)
630 2473 720 2540 arab.
749 2475 856 2542 ΞΜ»,
883 2484 1013 2542 eatena.
1058 2474 1201 2563 Septima
1221 2472 1437 2568 littera-baud
1467 2475 1564 2543 dubie
1587 2499 1651 2543 non
1675 2479 1781 2548 Gimel
1804 2499 1868 2562 est,
1904 2489 1962 2554 sed

336 2592 453 2675 wau,
490 2607 523 2660 et
550 2607 617 2660 tres
638 2613 736 2682 'qnae
767 2606 945 2679 sequuntur
973 2615 1091 2662 nomen
1115 2597 1279 2684 proprium
1310 2591 1393 2660 nlius
1421 2597 1484 2660 viri
1510 2597 1691 2676 continent,
1724 2605 1780 2685 qni
1802 2625 1866 2668 nna
1889 2627 1961 2672 oum
2031 2593 2034 2601 ¹

338 2706 695 2775 θῇασαιι-άέ-θήαἰῐα
714 2707 747 2772 id
772 2720 1014 2774 monumentum
1033 2708 1152 2796 posuit.
1195 2705 1240 2783 Iu.
1253 2706 1316 2772 boo
1342 2709 1481 2795 primum
1502 2709 1630 2799 signum
1648 2722 1681 2774 et
1695 2715 1823 2800 tertium
1838 2720 1962 2802 possint

281 2801 291 2824 ’
335 2820 500 2888 adnabus
521 2819 638 2886 litteris
661 2821 856 2910 eortrpositae
878 2820 1000 2899 videri,
1038 2817 1126 2885 volnt
1146 2840 1190 2886 ex
1209 2819 1320 2907 Alepl
1343 2833 1376 2884 et
1397 2817 1556 2886 santet:
1595 2823 1653 2902 ped
1676 2840 1783 2896 obtuta
1807 2830 1864 2894 vix
1885 2843 1960 2916 apta

335 2931 433 3000 inerit
447 2935 588 3000 nominis
603 2935 725 3020 proprii
739 2931 855 3000 torma.
886 2929 1000 2998 Malim
1015 2934 1114 3020 igitur
1128 2930 1186 2998 illa
1197 2935 1291 3023 signe
1305 2931 1470 3019 simplices
1484 2929 1606 3000 litteras
1621 2933 1754 3026 babere,
1778 2962 1958 3029 quenquam

336 3050 433 3116 etiam
455 3062 514 3116 oto
536 3046 705 3140 oomquo
728 3058 835 3128 etymo
856 3057 955 3110 earet.
1576 3039 1578 3046 ’

462 3175 539 3230 mun
560 3159 621 3240 'utJ
650 3157 776 3223 reddidi
796 3156 1019 3258 princepale
1042 3178 1103 3244 pro
1126 3172 1177 3227 *rot
1198 3155 1407 3244 probabiliter
1428 3155 1528 3224 babes
1545 3161 1642 3226 etiam
1663 3161 1724 3228 ott.
1739 3163 1793 3248 33)
1818 3170 1959 3254 quinque

335 3277 494 3354 uirorum,
531 3273 615 3361 quod
637 3272 774 3338 tortasse
792 3268 948 3342 illustrari
969 3284 1073 3356 potest
1087 3291 1130 3335 ex
1143 3268 1353 3336 celeberrimo
1367 3271 1513 3336 instituto
1527 3269 1851 3362 Carthaginensium,
1873 3279 1960 3364 apnd

334 3409 414 3478 quos
442 3407 560 3473 magna
586 3384 743 3474 quaedam
775 3385 950 3450 auotoritas
979 3397 1049 3450 erat
1076 3403 1174 3472 penes
1206 3381 1463 3470 Quisquamne,
1497 3387 1696 3470 πενταρχίας,
1727 3410 1807 3475 quae
1830 3389 1959 3456 demnm

334 3522 459 3588 eunqne
480 3499 576 3566 bnins
598 3499 804 3586 magistratus
825 3497 908 3560 ratio
931 3487 1017 3575 erat,
1055 3516 1088 3568 ι,
1111 3495 1229 3582 Klrtge
1251 3496 1297 3560 od
1315 3497 1460 3562 Aristot-
1480 3498 1583 3563 Pelii.
1606 3520 1637 3585 p.
1653 3505 1714 3566 120
1728 3523 1797 3588 sqq.
1824 3502 1960 3569 Haerere

334 3613 412 3680 liti.
447 3613 567 3678 Werie
602 3609 642 3680 Τ.
672 3607 759 3676 ΧΙΙΙ
791 3631 823 3696 p.
856 3613 929 3674 129.
982 3605 1175 3674 Citiensintn
1211 3622 1318 3674 autem
1354 3606 1584 3694 rempublicam
1621 3612 1734 3678 eodem
1764 3613 1833 3678 lere
1862 3617 1959 3682 modo

334 3728 589 3796 administratam
610 3723 732 3802 inisse,
753 3735 848 3818 atque
863 3723 1021 3791 sororiam
1036 3718 1360 3808 Carthaginensium,
1382 3723 1544 3786 neminem
1567 3721 1663 3787 iaeils
1684 3723 1861 3792 mirabitur.
1905 3727 1956 3792 De

1093 3903 1190 3972 xvr.

797 4024 1207 4108 'crrrausr
1252 3987 1451 4108 Nous

251 4235 254 4242 '
329 4219 471 4306 legenda
501 4231 535 4284 et
564 4236 676 4282 omnes
706 4214 917 4299 desperarunt
945 4225 977 4276 et
1004 4233 1065 4300 ego
1094 4213 1240 4300 despero.
1290 4212 1487 4278 Litterarum
1508 4211 1613 4300 figura
1634 4235 1654 4278 a
1676 4211 1807 4303 reliquis
1829 4218 1957 4282 diverse

330 4331 435 4398 levior
464 4325 506 4396 at'
525 4331 632 4396 minua
659 4325 805 4414 legitima
832 4346 905 4392 esse
936 4326 1078 4407 videtur,
1116 4349 1212 4413 quam
1238 4339 1273 4392 nt
1294 4324 1392 4392 bodie
1413 4324 1481 4414 legi
1502 4329 1612 4426 possit.
1657 4327 1780 4394 Similis
1801 4331 1885 4394 ratio
1907 4341 1955 4394 eat

332 4446 477 4516 daobnae
499 4463 613 4510 nonae.

1046 4561 1048 4568 ’
1088 4539 1199 4606 xvll.

715 4671 1165 4742 CITIENSEM
1208 4675 1577 4744 DECIMAM

459 4851 606 4940 Koppins
626 4849 650 4916 l.
672 4871 701 4916 e.
724 4870 797 4936 pag.
821 4849 884 4912 200
906 4846 951 4912 ita
969 4842 1050 4930 legit
1057 4890 1067 4922 ,
1101 4847 1398 4932 etinterpretatnr:

764 5018 864 5074 'abtim
876 5020 889 5066 3

764 5129 887 5203 arr-qn
1260 5106 1362 5186 filias
1387 5107 1491 5174 Clari

807 5217 889 5299 tnb²
1268 5227 1305 5286 ia
1327 5219 1463 5324 allatione

835 5360 887 5408 mo
1269 5337 1424 5403 redactur
1526 5352 1528 5361 ¹

1488 5461 1528 5524 18
1550 5453 1572 5500 tr
