4978 6296
941 637 1370 709 PRAEFATIO.
1885 637 1971 708 xtx

349 857 373 910 a
407 847 555 908 tumore
587 833 866 928 verborumque
903 827 1078 930 ampullis
1114 831 1261 921 nobile,
1308 831 1409 929 quod
1442 834 1485 906 in
1517 829 1755 919 Pertnlhani,
1797 828 1967 918 Arnobii,

346 961 527 1061 ¹Appuleii
545 963 776 1065 aliorumque
791 959 1054 1034 Africanorum
1071 962 1220 1059 scriptis
1234 963 1421 1058 reperitur
1441 957 1480 1036 et¹
1500 948 1685 1035 semein
1700 958 1800 1058 Afri
1811 959 1968 1032 nornine

347 1093 573 1181 celebratur,
600 1109 651 1164 ex
665 1113 712 1164 eo
727 1091 895 1165 maxime
910 1087 1175 1188 repetendum,
1203 1089 1303 1187 quod
1329 1089 1368 1163 hi
1391 1079 1593 1190 scriptores
1615 1092 1742 1186 lingua
1764 1085 1968 1162 vernacula

346 1223 484 1298 imbuti
504 1222 657 1296 lucrant
683 1217 733 1293 ad
757 1219 959 1294 verborum
982 1239 1162 1317 pompam
1187 1217 1393 1296 admodum
1418 1201 1588 1319 proclivi.
1641 1212 1856 1292 Accedebat
1876 1239 1967 1291 sene
2074 1229 2077 1236 ’

302 1395 303 1398 =
346 1345 540 1426 rhetorum
565 1345 914 1445 Carthaginensium
937 1347 1150 1446 disciplina,
1177 1347 1243 1423 sed
1258 1349 1360 1424 haud
1378 1351 1454 1423 scio
1472 1372 1520 1422 an
1540 1348 1650 1424 huius
1676 1348 1794 1446 ipsius
1808 1345 1990 1427 indoles

346 1501 400 1555 ex
421 1481 554 1556 eadem
571 1501 720 1572 caussa,
740 1475 948 1557 fervidiore
962 1475 1127 1576 quadam
1142 1477 1277 1576 populi
1294 1479 1529 1574 reglonloqoc
1544 1477 1691 1568 indole,
1706 1473 1889 1558 ‚ducenda
1907 1476 1965 1549 sit.

473 1718 519 1794 ln
556 1719 864 1821 interpretandos
906 1719 1025 1794 titulis
1067 1739 1346 1816 nemorumque
1386 1719 1599 1819 epigraphis
1645 1717 1737 1818 quid
1788 1741 1812 1792 a
1857 1717 1968 1792 nobis

346 1849 568 1948 praestitum
611 1851 685 1940 sit,
747 1870 825 1924 non
863 1859 1040 1924 nostrum·
1078 1859 1137 1920 est
1177 1871 1473 1924 commemorare
1523 1851 1624 1947 iique
1664 1847 1832 1924 iudicent
1844 1899 1857 1936 ,
1904 1845 1969 1942 qui

345 1991 515 2054 neuram
553 1979 830 2055 enarrationem
864 2001 951 2054 cum
982 1977 1216 2074 superiorum
1251 1957 1501 2076 interpretum
1532 1978 1849 2077 explicationibus
1880 1995 1968 2047 con·
2088 1957 2095 1968 ⁵

345 2109 589 2206 iocumque,
622 2128 716 2208 quas
745 2108 886 2206 ubique
916 2106 1131 2198 attotmos,
1171 2109 1488 2206 comparaverint.
1544 2105 1673 2184 Unum
1705 2107 1814 2182 nohis
1844 2103 1968 2178 dicere

345 2239 476 2328 licem,
522 2237 666 2312 nnllam
706 2234 1056 2336 interpretationem
1096 2233 1128 2311 a
1158 2238 1268 2314 nohis
1307 2235 1509 2312 admissam
1551 2261 1651 2329 ease,
1698 2238 1789 2334 quin
1829 2233 1969 2330 triplici

344 2367 433 2452 huic
461 2367 539 2466 legi
562 2367 812 2442 murmuret:
831 2381 835 2386 '
852 2379 896 2442 ut
926 2366 1093 2463 legitime
1123 2365 1221 2440 lecto
1253 2379 1351 2440 esset
1380 2368 1608 2466 inscriptio,
1630 2379 1675 2440 ut
1706 2367 1856 2460 linguae
1888 2361 1968 2436 dia·

345 2497 506 2596 lectique
545 2497 691 2594 legibus
728 2497 967 2586 conveniret,
1014 2507 1055 2570 et
1090 2505 1135 2568 ut
1178 2507 1309 2594 eptam
1348 2497 1557 2608 talemque·
1579 2496 1814 2572 sententiaro
1846 2489 1966 2566 effice-

345 2639 421 2718 ret,
462 2649 559 2726 quae
590 2626 831 2702 monumenti
863 2636 1021 2700 naturae
1053 2636 1308 2700 musentanea
1340 2637 1449 2700 esset.
1491 2621 1622 2715 'Quod
1654 2625 1827 2723 Koppius
1852 2643 1966 2718 saepe

345 2756 477 2864 horum
512 2767 845 2832 monumentorum
875 2755 1147 2852 interpretibus
1179 2754 1403 2846 inculcavit,
1444 2757 1552 2830 utin
1577 2757 1624 2830 iis
1646 2751 1850 2830 tractandis
1877 2761 1967 2824 ante

348 2887 477 2962 omnis
500 2883 799 2984 Palaeographos
818 2897 991 2982 agerent,
1021 2882 1110 2958 dein
1131 2883 1357 2981 Philologus,
1382 2885 1407 2958 i.
1422 2907 1455 2958 e.
1470 2883 1518 2958 dc
1534 2884 1614 2960 sola
1627 2885 1786 2960 lectione
1810 2873 1966 2956 circum-

347 3016 534 3113 spicerent
559 3017 664 3114 prius
688 3039 802 3113 quarn
839 3013 890 3092 ad
921 3014 1272 3111 interpretationem
1296 3015 1631 3111 progrederennu,
1670 3015 1713 3090 id
1739 3009 1966 3109 ‚tempestive

346 3145 498 3242 quidem
530 3144 579 3218 ab
612 3167 659 3218 eo
691 3157 934 3243 praeceptum
961 3155 1060 3235 erat,
1100 3155 1145 3220 ut
1167 3142 1392 3220 immodicae
1419 3145 1570 3220 cuidam
1595 3148 1635 3220 iu
1662 3141 1821 3241 legendo
1848 3153 1965 3214 teme·

344 3273 450 3348 ritati
474 3273 588 3344 linem
612 3272 842 3366 imponeret:
880 3293 1004 3369 neque
1026 3283 1158 3346 tamen
1182 3271 1447 3368 negligendum
1473 3287 1576 3364 erat,
1614 3275 1656 3348 in
1681 3273 1813 3350 multis
1835 3267 1964 3344 inscri-

344 3399 539 3502 ptionibus
559 3397 709 3495 legendi
731 3397 901 3497 lectaque
923 3399 1156 3496 intelligendi
1178 3398 1329 3497 negotia
1353 3423 1434 3478 non
1453 3405 1525 3494 ita,
1547 3415 1594 3478 'ut
1610 3403 1783 3502 Koppiuo
1798 3400 1964 3486 volebat,

346 3553 432 3608 ase
456 3529 624 3604 invitm
663 3525 810 3624 winugi
841 3549 950 3626 posse
983 3527 1050 3602 sed
1075 3527 1189 3602 amul
1214 3541 1254 3602 et
1276 3531 1409 3640 εοιίθιιι
1436 3544 1606 3630 tempore
1634 3529 1848 3608 exercenda
1873 3550 1966 3616 erse,

246 3639 252 3650 ’
345 3661 528 3758 pluraque
549 3657 755 3756 scripturae
778 3679 917 3753 genera
931 3657 1057 3732 minus
1069 3669 1246 3732 accurata
1261 3671 1300 3732 ct
1314 3659 1480 3755 legitima
1492 3663 1572 3736 sinc
1588 3662 1714 3759 eliqua
1730 3654 1965 3736 coniectandi

346 3787 593 3876 dextemtatc,
614 3809 732 3887 ,unae
767 3788 848 3862 sine
882 3785 1173 3886 perfectissima.
1191 3785 1341 3882 linguae
1379 3790 1590 3885 cognitione
1627 3791 1781 3885 cogitari
1823 3785 1964 3882 nequit,

347 3919 503 3994 omuino
525 3916 604 4012 legi
626 3937 705 3992 non
734 3937 863 4015 posse,
899 3917 997 3990 sicut
1019 3913 1132 3990 hodie
1158 3915 1357 4014 epistolam
1383 3918 1465 3994 sive
1492 3919 1683 3994 arabicam
1714 3919 1795 3992 sive
1821 3935 1965 4012 germa-

345 4049 473 4124 nicam
504 4045 679 4142 fugiente.
700 4045 844 4122 calano
875 4059 915 4122 et
942 4045 1190 4142 negligentius
1223 4029 1403 4146 scriptam
1431 4069 1546 4124 nemo
1580 4048 1699 4145 legat,
1733 4044 1964 4146 quinetiam

345 4179 496 4274 liegrtac
524 4176 668 4274 peritus
695 4163 758 4250 sit'
818 4172 999 4264 Quocirca
1028 4177 1123 4251 sicut
1146 4177 1188 4250 in
1217 4177 1487 4284 antiquissimis
1512 4177 1631 4252 titulis
1656 4177 1808 4254 Graecis
1832 4173 1966 4250 Arabi-

346 4309 478 4405 cis'que
507 4302 674 4402 legendis
702 4327 727 4380 a
755 4304 845 4378 solis
875 4304 1165 4404 Palaeographis
1196 4305 1292 4380 niliil
1325 4327 1493 4406 unquam
1529 4320 1569 4382 et
1593 4309 1816 4406 praestitum
1841 4317 1898 4378 cst
1928 4315 1967 4376 et

344 4435 528 4536 messuri
570 4435 713 4532 potuit,
751 4435 862 4532 'iique
879 4523 884 4532 ἱ
901 4434 972 4508 soli
1006 4435 1164 4510 feliciter
1203 4437 1345 4510 versati
1381 4449 1488 4528 sunt,
1532 4439 1618 4535 qtti,
1663 4451 1707 4517 ut
1746 4433 1966 4520 Boeckhius,

344 4565 590 4656 Letronnins,
630 4560 861 4653 Fraehnius,
903 4564 1020 4638 ιιίιιιι
1052 4565 1093 4638 in
1124 4565 1275 4663 linguae
1308 4567 1467 4642 sennua
1497 4567 1753 4666 principatum
1775 4573 1964 4638 tenerent:

345 4697 402 4770 ita
425 4697 468 4768 in
492 4692 699 4768 Phoeniciis
722 4693 1046 4792 praestantissima
1066 4716 1234 4794 quaeque
1260 4697 1411 4770 nonnisi
1433 4697 1481 4772 ab
1508 4697 1554 4771 iis
1575 4697 1747 4794 profecta
1772 4703 1877 4778 stunt,
1902 4691 1966 4787 qui
2096 4793 2100 4796 -

347 4849 374 4900 a
395 4825 608 4922 linguonum
633 4821 806 4897 doctrina
832 4823 927 4896 hene
948 4823 1120 4896 instructi
1143 4824 1191 4898 ad
1211 4825 1524 4924 palaeographiae
1545 4825 1711 4900 studium
1733 4817 1964 4908 accederent,

345 4957 385 5028 in
430 4975 597 5055 quorum,
636 4973 794 5026 numero
828 4964 916 5054 post
957 4947 1262 5048 Barthelemyum
1301 4955 1444 5052 ingenii
1483 4957 1658 5030 acumine
1697 4951 1964 5051 doctrinaeque
2071 5038 2075 5044 Ι

347 5083 532 5182 elegantia
554 5079 706 5180 reliquis
727 5081 895 5179 palmam
921 5077 1131 5188 praeripuit
1156 5081 1419 5158 Akcrbtadtus.
1570 5167 1573 5176 .

473 5213 604 5311 ipsum
631 5208 850 5310 explicandi
877 5214 1069 5309 negotium
1102 5213 1145 5286 in
1174 5211 1385 5296 Phoeniciis
1415 5233 1529 5310 saepe
1554 5211 1785 5310 permultum
1815 5223 1855 5286 et
1877 5209 1963 5310 plus

347 5345 463 5419 οιίιιιιι
487 5365 600 5442 quam
622 5341 664 5415 in
690 5341 842 5418 Graecis
868 5341 1006 5418 habere
1033 5339 1278 5432 difficultatis,
1307 5340 1347 5418 id
1373 5341 1482 5418 facilc
1507 5341 1617 5418 nohis
1647 5340 1872 5434 concedent,
1902 5341 1965 5437 qui
