4992 6292
732 679 793 747 DE
817 677 1063 750 SCRIPTUM
1091 677 1306 747 ARAMAEA
1328 679 1619 750 AEGYPTlACA.
1943 687 1989 772 bl

368 867 584 936 Blecasaiauis
605 870 776 936 desumtae'
792 883 884 950 sunt,
915 870 972 936 sed
992 871 1039 934 ita
1059 881 1095 934 ut
1115 890 1134 933 e
1155 858 1270 933 Lancii
1286 865 1457 954 alphabeto
1471 841 1507 932 in
1524 867 1687 935 nonnullis
1703 868 1817 937 litteris
1841 870 1989 958 (Dalath,

367 980 464 1061 Saia,
494 979 581 1062 Phe,
603 981 729 1068 Rescb)
751 982 944 1048 definiendis
967 981 1193 1048 discedendum
1218 995 1401 1068 putaremus
1423 983 1463 1066 *).

494 1093 546 1160 De
568 1094 684 1161 horum
707 1109 813 1161 entem
836 1093 1081 1183 alphabetorum
1103 1097 1232 1182 egregie
1250 1115 1286 1158 se
1308 1095 1446 1159 invicem
1469 1091 1697 1159 illustrentium
1719 1107 1829 1162 mutua
1849 1099 1932 1164 inter
1954 1120 1990 1164 se

365 1209 490 1274 ratione
507 1223 509 1246 ¹
526 1222 560 1272 et
596 1229 668 1273 cum
703 1203 776 1271 aliis
805 1210 981 1294 scripturae
1008 1205 1182 1296 &neribus
1210 1207 1448 1273 necessitudine
1481 1205 1561 1272 haec
1588 1209 1728 1272 maxime
1757 1209 1850 1276 nobie
1881 1209 1990 1277 obser-

366 1321 472 1387 vanda
494 1321 657 1386 videntur:

496 1439 527 1498 t.
572 1429 888 1518 carpentoractensis
910 1433 1111 1496 mouumenti
1131 1430 1278 1512 litterae,
1311 1445 1419 1518 utpote
1439 1431 1479 1496 ad
1494 1407 1741 1518 phoeniciarum'
1749 1433 1990 1502 similitudinem

366 1567 468 1633 prope
489 1545 696 1624 accedentes,
725 1542 840 1609 harum
862 1545 1005 1609 omnium
1028 1546 1290 1630 antiquissimae,
1322 1541 1550 1609 Blacasaianae
1571 1557 1703 1625 contra,
1740 1547 1780 1611 ad
1802 1551 1992 1633 scripturam

367 1659 553 1746 quadratam
574 1677 769 1744 magnopere
789 1654 1000 1735 inminentes,
1043 1659 1284 1722 recentissimae
1306 1677 1396 1736 esse,
1442 1655 1654 1722 'laurinensis
1677 1657 1846 1744 fragmenti
1868 1657 1992 1746 figurae

368 1771 508 1835 medium
538 1769 608 1835 lere
636 1772 722 1835 iuter
749 1767 822 1834 illas
851 1767 959 1834 locum
990 1768 1136 1836 obtinere
1163 1772 1320 1835 videntur.
1371 1769 1501 1834 Etenim
1510 1801 1525 1848 ,·
1560 1789 1642 1855 quae
1670 1768 1797 1836 litteme
1824 1773 1857 1836 iu
1889 1775 1992 1858 prima

368 1879 516 1948 columna
541 1880 698 1968 capitibus
729 1883 864 1968 integris
892 1895 1079 1968 comparent
1105 1903 1243 1968 superne
1273 1884 1410 1968 apertis,
1439 1881 1545 1962 Beth,
1573 1881 1716 1961 Deleda,
1741 1883 1851 1968 Ceph,
1874 1885 1991 1964 Βοιώ,

368 1999 401 2059 in
423 1981 645 2081 tertia'capit'a
666 1993 720 2058 vel
740 1997 915 2058 maximam
937 2007 1058 2080 partem
1083 1993 1136 2059 vel
1158 2015 1288 2081 prorsus
1310 1995 1512 2060 abiecerunt:
1546 1996 1579 2060 iu
1602 1997 1743 2060 secunda
1763 2019 1864 2064 uuum
1887 1995 1991 2064 Rescb

368 2109 472 2194 cupite
494 2119 657 2194 comparet
678 2127 781 2193 paene
802 2106 939 2172 abiecto.

495 2227 526 2285 2.
568 2221 695 2286 Primae
723 2217 891 2284 columnae
919 2217 1043 2306 figurae
1075 2219 1221 2303 (praeter
1247 2217 1300 2282 He
1327 2233 1360 2285 et
1385 2219 1470 2305 Jod)
1500 2240 1612 2285 omnes
1635 2221 1668 2283 in
1690 2219 1872 2285 Phoeniciis
1894 2224 1989 2284 etium

367 2336 583 2400 monumentis
611 2345 813 2418 comparent,
852 2335 899 2396 its
929 2344 964 2394 ut
993 2329 1077 2395 hanc
1099 2331 1226 2418 quidem
1251 2335 1441 2417 scripturam
1464 2355 1506 2398 ex
1528 2335 1598 2418 ipsa
1619 2331 1795 2398 Phoenicia
1816 2333 1858 2417 ⁸⁸⁸)
1887 2349 1990 2398 ortam

367 2468 439 2512 esse
471 2467 535 2511 non
573 2445 710 2511 dubites.
764 2444 960 2509 Litterarum
993 2443 1085 2523 Ata,
1117 2442 1220 2524 Beth,
1250 2443 1391 2524 Dulctl,
1419 2445 1528 2512 Rescl
1562 2447 1668 2532 capita
1702 2465 1840 2531 superne
1871 2458 1991 2530 aperta,

366 2581 448 2648 quae
487 2559 564 2623 hnic
599 2560 777 2643 scripturae
815 2554 911 2644 plane
946 2554 1124 2642 peculiaria
1157 2570 1189 2620 et
1221 2559 1311 2642 priva
1339 2577 1411 2622 esse
1441 2556 1570 2622 volebat
1599 2557 1746 2644 Koppiua
1776 2559 1851 2642 lm⁸),
1894 2557 1991 2620 etiem
2117 2601 2122 2614 .

366 2676 400 2738 in
423 2669 558 2737 Ciliciae
580 2672 686 2736 nantis
713 2669 856 2756 adeoque
878 2671 911 2734 ln
934 2671 1142 2754 inscriptione
1164 2666 1346 2734 Oxoniensi
1368 2683 1573 2756 comparent,
1614 2685 1646 2734 et
1675 2671 1840 2755 speciatim
1862 2669 1989 2756 quidem

367 2785 438 2852 Ais
459 2805 597 2871 superne
619 2795 763 2869 apertum
796 2781 1004 2868 perfrequens
1032 2794 1082 2846 est
1108 2782 1157 2864 (ς.
1188 2787 1248 2860 26,
1275 2781 1334 2869 fig.
1367 2784 1417 2866 7).
1460 2781 1571 2872 Atept
1600 2781 1726 2846 litterae
1755 2784 1857 2867 prima
1885 2780 1991 2866 figura
2101 2805 2104 2812 ·

365 2901 407 2998 ad
427 2897 622 2963 numidicam
645 2871 725 3012 ἦ
753 2915 852 2982 prope
880 2896 1023 2975 accedit,
1068 2891 1211 2981 reliquae
1241 2894 1282 2959 ad
1316 2915 1386 2958 earn
1416 2893 1571 2982 figurem,
1616 2915 1697 2981 quae
1725 2897 1758 2958 in
1780 2895 1988 2979 inscriptione

367 3016 549 3084 oxoniensi
578 3027 638 3080 est.
687 3013 774 3094 Vno,
803 3010 905 3093 Saia,
939 3012 1050 3100 Ceph,
1076 3012 1221 3093 based,
1257 3012 1367 3094 Mem,
1396 3012 1494 3093 Nun,
1522 3013 1614 3094 Ple,
1636 3013 1746 3091 Zude,
1775 3011 1845 3078 Tau
1866 3012 1988 3076 formas

367 3128 488 3194 hahent
508 3131 543 3192 in
566 3129 722 3212 scriptura
743 3125 917 3192 l’hueuicia
940 3123 1102 3213 vulgares:
1136 3125 1238 3213 Kepl
1268 3127 1382 3191 eodem
1413 3127 1509 3191 modo
1530 3129 1649 3214 pictum
1670 3124 1770 3190 hebes
1790 3128 1824 3190 in
1846 3122 1948 3218 Melit.
1969 3130 1988 3186 2

366 3241 426 3307 lin.
455 3248 494 3318 2,
523 3237 626 3304 Sekia
653 3239 796 3302 eiusdem
823 3236 949 3324 figurae
977 3241 1011 3305 in
1039 3239 1188 3324 Erycina.
1232 3235 1343 3326 Unum
1369 3238 1422 3304 He
1450 3252 1484 3304 et
1513 3237 1576 3303 lod
1603 3237 1745 3325 paullum
1773 3240 1986 3314 immutatum,

365 3351 448 3419 illud
465 3373 507 3418 ex
523 3357 583 3459 17
613 3347 669 3437 fig.
693 3361 791 3415 nostr.
814 3355 851 3415 e:
880 3349 948 3416 Jod
971 3351 1057 3436 (iarn
1078 3357 1212 3418 nisime
1233 3353 1373 3438 littera)
1395 3374 1438 3418 ex
1459 3350 1516 3438 fig.
1539 3365 1637 3418 nostr.
1659 3355 1711 3418 10.

494 3497 525 3558 3.
570 3489 606 3555 la
628 3491 742 3554 tertiae
764 3486 931 3553 columnae
952 3491 976 3555 i.
998 3511 1026 3554 e.
1049 3488 1331 3554 Blacaesianorum
1353 3513 1545 3578 pepyrorum
1565 3490 1679 3576 liguris
1695 3494 1798 3577 prima
1810 3490 1987 3556 litterarum

366 3606 514 3676 finalium
541 3601 657 3691 (Caph
683 3615 716 3666 et
744 3599 844 3686 Nun)
874 3603 1013 3688 vestigia
1040 3601 1133 3666 nobis
1163 3617 1351 3682 occurrunt,
1388 3625 1469 3690 quae
1500 3625 1585 3668 nunc
1606 3605 1733 3668 demum
1756 3607 1788 3668 in
1813 3607 1988 3689 scripturae

366 3742 486 3810 genere
513 3719 626 3806 spatiis
655 3716 806 3782 distincto
836 3713 939 3798 (baec
971 3717 1058 3780 enim
1089 3713 1285 3780 consuetudo
1319 3718 1441 3781 cunctis
1471 3713 1522 3780 bie
1553 3718 1769 3782 monumentis
1790 3716 1989 3798 communis)

367 3837 446 3901 oriri
467 3844 613 3920 poterent
635 3833 682 3914 (i.
704 3832 756 3906 33,
777 3835 809 3892 4.
842 3832 895 3908 53,
918 3828 971 3912 2).
1176 3917 1178 3920 Ι

495 3942 645 4008 Ceterum
662 3957 665 3964 '
682 3939 769 4006 baud
803 3937 903 4004 ullum
940 3949 1046 4004 exstet
1080 3952 1339 4019 munumentum,
1384 3939 1468 4026 quod
1500 3940 1604 4024 magis
1638 3937 1735 4004 faciat
1768 3938 1808 4002 ed
1844 3941 1987 4026 origines

367 4061 543 4148 scripturae
566 4055 738 4144 quadratae
759 4051 986 4132 illustrandas,
1017 4073 1079 4139 qna
1101 4052 1141 4118 de
1162 4074 1197 4117 re
1217 4050 1283 4118 aliu
1305 4051 1376 4118 loco
1401 4049 1441 4138 †)
1471 4051 1602 4116 uberius
1623 4051 1813 4137 disputaturi
1833 4073 1955 4118 sumus.

492 4168 545 4234 De
568 4163 813 4252 orthographica
834 4167 960 4262 ratione
982 4164 1235 4260 observandum,
1269 4169 1303 4230 in
1328 4165 1477 4230 omnibus
1505 4163 1601 4230 huius
1622 4167 1750 4252 generis
1772 4169 1987 4232 monumentis

367 4285 491 4352 litterae
512 4304 525 4353 ι
549 4294 611 4346 etr
633 4299 722 4344 more
744 4275 966 4342 Hebraeorum
988 4291 1021 4342 et
1042 4273 1279 4345 Chaldaeorum
1292 4282 1325 4345 in
1341 4275 1385 4342 V.
1399 4273 1440 4344 Τ.
1463 4279 1575 4364 (secus
1589 4290 1682 4364 etque
1697 4300 1794 4365 supra
1808 4281 1986 4366 expositura

367 4403 395 4480 i.
417 4399 479 4482 40)
504 4413 665 4482 nunquam
685 4411 750 4456 non
769 4387 865 4476 plene
885 4393 1019 4476 scriptas
1040 4411 1122 4457 esse.

364 4553 748 4578 „„,-.-.....—..-

420 4653 446 4719 *l
463 4651 534 4710 Vide
551 4649 598 4704 lib.
612 4645 648 4716 ll,
668 4649 703 4701 ad
721 4661 767 4702 no.
783 4646 826 4702 74.
847 4647 890 4702 75.
1211 4651 1235 4700 in
1253 4651 1346 4701 heincus
1364 4649 1476 4714 eramen
1489 4649 1719 4718 ‹ichtphinizisclten
1736 4648 1873 4716 ttejentgen
1888 4647 1987 4699 Gestat·

418 4747 458 4816 ”l
483 4751 578 4817 Neque
599 4761 667 4802 reru
694 4761 730 4798 ex
757 4754 851 4799 vetere
869 4743 987 4799 hebraee
1008 4741 1037 4797 in
1055 4743 1142 4796 numia
1210 4755 1251 4797 ten
1265 4747 1468 4810 vergelensem,
1486 4749 1577 4798 wetoiu
1595 4749 1647 4798 sich
1665 4748 1725 4796 oden
1743 4745 1833 4810 effusa.
1869 4745 1928 4794 Nur
1942 4746 1986 4810 hey

367 4847 463 4900 uellate
483 4845 528 4914 (§.
551 4839 622 4912 51),
650 4841 793 4896 manifesto
810 4843 839 4896 id
857 4841 1030 4916 arguentibus
1047 4841 1142 4894 titteris
1211 4843 1267 4894 ders
1288 4845 1399 4910 einzigen
1422 4859 1442 4906 2
1462 4843 1550 4907 finden
1572 4845 1638 4909 siclt,
1661 4841 1753 4910 p'edoclt
1779 4839 1863 4890 hiiclttt
1885 4843 1985 4904 settene,

368 4965 409 5022 tq,
434 4965 478 5022 n,
502 4961 530 5018 a,
553 4957 597 5020 ξ,
622 4957 669 5021 ω,
694 4939 811 4993 tnaxlme
829 4947 917 4992 aulem
934 4941 1009 5002 Vnst,
1031 4949 1143 5008 quarum
1211 4943 1388 5012 Ausnuhnren,
1420 4945 1460 4995 die
1482 4947 1602 4995 suweilen
1620 4946 1672 4994 bles
1690 4961 1738 4992 uos
1756 4944 1801 4994 der
1824 4944 1986 4996 veteret-

367 5045 457 5120 hgura
489 5045 518 5098 iu
553 5045 640 5114 prisce
674 5043 860 5096 llebraeorunr
899 5041 1029 5110 scriptura
1063 5041 1143 5110 plane
1211 5043 1292 5104 lang
1316 5039 1589 5091 nauseantem
1614 5035 1986 5109 (innmlngieutecalamo

369 5141 477 5196 diverse
494 5150 543 5196 est.
1210 5133 1325 5204 insculpi
1342 5141 1466 5204 poterant
1486 5135 1555 5188 haec
1573 5133 1792 5202 monuments'i)
1812 5137 1955 5190 herrihren.

420 5237 479 5304 m)
493 5239 565 5292 atta.
583 5257 611 5292 u.
631 5237 703 5290 Schr.
719 5233 755 5304 ll,
771 5239 839 5289 227:
859 5237 893 5289 So
907 5237 972 5288 niele
986 5233 1143 5302 phenicisehe
1263 5227 1293 5299 †)
1327 5231 1358 5282 ln
1386 5227 1499 5284 historie
1527 5229 1592 5304 ling.
1619 5241 1647 5288 et
1674 5232 1822 5302 scripturae
1851 5233 1984 5288 hebraeae

371 5337 521 5390 orabitur
537 5337 578 5388 ich
595 5334 807 5412 euchbstrnchtet
820 5333 892 5396 habe,
910 5351 938 5385 sc
952 5331 1008 5384 sind
1020 5333 1066 5382 mir
1079 5331 1143 5384 doch
1210 5327 1299 5382 denuo
1324 5327 1435 5381 edenda.
