4924 6304
410 658 553 730 tttsctt.
573 655 984 760 CABTHAGINENSES.
1025 619 1198 724 Lll.Llll.
1230 656 1620 776 CAR'l'llAGlNENSlS
1635 661 1709 730 Vll.
1723 663 1813 730 Vlll.
1880 669 1953 744 179

281 829 287 836 ⁸
324 851 385 916 illa
413 853 572 938 reperitur
602 853 636 914 in
667 851 828 914 anteriore
858 863 945 934 parte
973 846 1091 934 lapidis
1122 849 1290 935 quadrati,
1322 849 1483 935 odigitos
1506 853 1624 928 crassi,
1653 854 1761 936 quiin
1785 856 1974 942 cacumine·

320 962 459 1050 sepulcri
492 985 584 1028 muro
616 965 755 1026 insertus
785 963 883 1024 luisse
915 963 1048 1025 uidetur.
1108 961 1253 1064 Litterae
1283 959 1357 1026 stilo
1386 962 1558 1026 admodum
1591 977 1683 1027 acuto
1715 967 1748 1028 in
1778 965 1948 1051 superficie

318 1077 404 1140 bene
431 1075 571 1162 levigata
599 1077 701 1160 magis
733 1074 874 1138 radendo
911 1095 1004 1159 qnam
1035 1071 1247 1158 insculpendo
1273 1088 1425 1138 exaratae
1453 1072 1629 1158 paullulum
1661 1079 1824 1142 tenuiores
1859 1094 1945 1159 sunt,

319 1211 416 1274 quarn
439 1191 472 1252 in
495 1203 628 1274 utroque
651 1184 833 1272 apographo
857 1185 952 1249 edito.

447 1309 477 1366 2.
528 1300 576 1364 Ac
606 1299 804 1364 dlucrrteruc
838 1298 965 1384 quidem
1004 1297 1057 1383 (in
1092 1297 1262 1362 consilium
1301 1297 1445 1363 adhibito
1480 1297 1698 1387 Lindbergio)
1737 1303 1943 1390 epigraphen,

315 1436 411 1499 quam
433 1412 613 1500 sepulcrum
636 1410 780 1478 mulieris
804 1431 937 1476 ornasse
959 1410 1045 1473 idem
1065 1423 1151 1474 recte
1174 1409 1342 1489 observat,
1376 1413 1421 1473 ita
1444 1409 1588 1498 legebat:

831 1542 894 1594 rao
914 1539 951 1610 ru
969 1526 1078 1593 arban
1102 1540 1147 1590 n:
1172 1522 1309 1607 <chau
1334 1539 1401 1610 *rap

865 1653 1000 1709 aratu:
1023 1655 1059 1722 pu
1082 1651 1222 1726 terreus
1249 1656 1285 1726 ra
1311 1653 1402 1724 ruas

491 1749 681 1836 septorum
703 1751 889 1834 autrum),
910 1750 1016 1828 flua
1037 1747 1213 1827 aaaron,
1235 1749 1317 1826 ficar
1334 1727 1430 1814 Atr-

490 1863 646 1942 Eretrici,
668 1865 748 1942 fila·
765 1865 990 1948 Ermeojittcrr
1013 1864 1127 1948 (quem
1150 1860 1365 1947 Aesculapius
1388 1862 1516 1946 dedit),
1537 1861 1617 1940 filit
1636 1864 1855 1948 Burjultureh,

319 1999 412 2062 quatu
440 1974 611 2042 lectionem
643 1980 787 2064 (praeter
809 1998 905 2042 unam
929 1975 1070 2040 litteram
1092 1977 1125 2038 in
1149 1975 1257 2043 athon
1282 1988 1314 2038 et
1335 1979 1549 2040 coniecturam
1576 1975 1615 2038 de
1637 1975 1786 2062 Bathba)
1809 1984 1940 2048 omnino

317 2089 439 2174 proho,
484 2113 664 2176 quanquam
701 2090 846 2154 ultimum
882 2111 998 2154 nomen
1037 2091 1200 2174 proprium
1231 2085 1324 2152 aliter
1354 2089 1597 2173 dispendendum
1628 2090 1779 2158 arbitror.
1830 2092 1964 2180 ltaque,

319 2223 422 2288 nequo
444 2201 613 2268 lectionem
645 2225 747 2289 nequo
777 2206 1070 2286 interpretationem
1102 2203 1283 2268 emendavit
1308 2199 1628 2282 Hiericunte,
1664 2207 1718 2290 qui
1747 2203 1872 2271 titulum
1896 2210 1941 2272 ita

315 2319 462 2401 exponit:
577 2325 582 2336 ’
890 2347 893 2356 ν

775 2421 867 2472 -uur
888 2417 923 2488 ru
944 2403 1050 2472 nubre
1078 2418 1123 2468 n:
1155 2402 1283 2486 (amna
1314 2417 1382 2488 *rep

479 2563 482 2582 ·
813 2521 1269 2611 :torrenten-tur:
1295 2519 1383 2610 tuus

491 2627 681 2714 Sepulcrum
695 2627 800 2706 filiae
811 2631 938 2713 fletur,
960 2627 1064 2706 filine
1085 2625 1348 2706 iufaustucfilii
1366 2623 1479 2688 tited-
1872 2681 1874 2686 .

491 2741 708 2819 ΑεεεΙιεηιοη,
728 2741 813 2820 filii
831 2740 1099 2806 Irclrott-Kt'tiirt
1123 2738 1281 2826 (pupillae
1303 2734 1628 2823 Cypriorum),ft'lii
1646 2734 1796 2804 Buruclt'
1815 2751 1939 2828 magni,

316 2893 399 2959 quae
420 2871 548 2958 legendi
570 2873 741 2936 diversitas
762 2872 886 2936 duobus
909 2873 1048 2936 maxime
1071 2867 1168 2934 rebus
1191 2871 1321 2934 nititur:
1352 2867 1598 2952 primumquod
1621 2865 1826 2934 Hamalrerus
1847 2870 1939 2936 Mene

315 2985 405 3048 lin.l
428 2982 488 3049 litt.
508 2989 547 3048 10
568 2998 601 3049 et
620 2983 711 3048 lice
733 2983 794 3048 litt.
817 2987 898 3048 9.in
928 2987 999 3070 ipso
1027 2981 1133 3067 lapide
1163 2981 1250 3046 linea
1272 2981 1377 3044 media
1400 3000 1509 3043 carere
1529 2992 1561 3041 et
1588 2978 1682 3043 Watc
1704 3001 1775 3046 cese
1798 2981 1938 3064 volebat,

316 3099 400 3162 hanc
430 3097 548 3162 lineam
578 3112 663 3162 certe
692 3119 710 3159 a
738 3099 892 3160 statuario
920 3096 1096 3180 prolectam
1125 3093 1264 3180 negabat
1293 3097 1374 3178 (qua
1405 3093 1530 3176 quidem
1553 3094 1586 3154 iu
1609 3114 1643 3156 re
1665 3091 1829 3158 oculorum
1853 3099 1938 3162 acics

317 3233 382 3276 non
413 3223 517 3298 potest
546 3233 609 3276 non
639 3232 711 3272 eum
740 3208 913 3288 fefellisse,
951 3229 1035 3272 nam·
1053 3207 1134 3270 hene
1163 3228 1198 3272 se
1221 3205 1318 3270 habet
1339 3202 1494 3268 Falhiana
1515 3203 1727 3290 delineatio):
1758 3207 1835 3271 dein
1857 3212 1941 3294 quod

315 3327 401 3392 idem
432 3347 495 3388 nun
525 3321 630 3388 solum
659 3321 726 3388 Jod
755 3322 804 3386 his
827 3321 958 3385 obvium
981 3319 1080 3383 line
1110 3319 1171 3384 litt.
1196 3326 1241 3382 11.
1265 3325 1323 3395 18,
1359 3319 1415 3380 sed
1446 3319 1541 3380 etiam
1571 3315 1707 3380 litteram
1737 3321 1939 3386 incertiorem

317 3437 375 3502 lin.
400 3445 414 3501 1
441 3437 501 3502 litt.
526 3444 566 3502 12
592 3435 682 3520 Ceph
704 3456 774 3498 esse
797 3432 1005 3518 opinabatur,
1037 3429 1116 3494 illud
1141 3445 1225 3494 certe
1246 3433 1347 3492 inrita
1368 3427 1631 3514 Palaeographia.
1686 3431 1749 3494 Sed
1777 3434 1941 3498 videmnus

317 3555 383 3616 istu
407 3551 445 3615 de
468 3549 623 3636 singulis,
658 3550 836 3633 praemissa
858 3559 966 3609 nostra
987 3559 1020 3607 et
1041 3542 1170 3628 legendi
1192 3556 1224 3604 et
1244 3543 1475 3625 interpretandi
1497 3545 1631 3606 ratione.
1914 3519 1916 3526 Ι

727 3742 753 3762 .
787 3696 868 3768 'tar
896 3693 939 3794 pu
970 3667 1116 3768 nabun
1148 3691 1203 3760 na
1236 3663 1415 3782 &muna
1446 3691 1525 3789 rap

513 3923 525 3937 ,
816 3841 901 3910 arn
933 3835 1003 3908 m:
1036 3837 1080 3938 pu
1112 3831 1295 3934 rnrrnus
1333 3835 1378 3936 pu
1410 3814 1528 3938 rpus,

373 3971 603 4072 Sepulcrum
632 3965 843 4056 Bathhuol,
864 3964 981 4058 filr'ue
1006 3959 1304 4052 Hummclcctlt,
1324 3959 1415 4053 file·
1435 3958 1533 4032 Add-

370 4102 547 4192 Eumeni,
561 4099 651 4191 filr'c'
659 4097 948 4194 Eemcin-jc'tteo
969 4096 1104 4192 (quem
1122 4091 1369 4188 Aesculapius
1386 4089 1495 4184 dat),
1508 4087 1597 4184 file·
1610 4089 1707 4162 Berc'
1728 4089 1745 4185 (
1753 4090 1940 4190 Fontani)

372 4257 375 4262 ·
1356 4219 1560 4320 principis.

433 4358 468 4422 ln
487 4356 643 4422 uocabulo
657 4371 725 4440 *rap
742 4353 916 4418 notandum
933 4363 981 4412 est
996 4351 1122 4432 signum
1136 4345 1214 4411 illud
1230 4344 1663 4431 semilunarelitteraeKoph
1679 4351 1939 4432 superscriptum,

317 4477 357 4540 de
388 4493 451 4560 quo
478 4470 557 4536 mihi
586 4471 735 4532 convenit
763 4485 834 4530 cum
862 4462 993 4548 Koppio
1018 4460 1037 4524 Ι.
1054 4483 1081 4527 c.
1104 4483 1135 4546 p.
1158 4467 1218 4539 14,
1256 4463 1309 4548 qui
1337 4459 1416 4524 illud
1438 4463 1566 4546 siguum
1589 4457 1722 4544 aliquod
1743 4447 1940 4554 diacrit'icum

317 4587 371 4652 vel
392 4581 674 4670 orthographicum
697 4601 768 4644 esse
786 4590 913 4654 censet,
944 4573 1037 4660 quale
1053 4567 1249 4636 Samaritani
1263 4572 1383 4637 habent
1397 4575 1436 4637 ad
1455 4571 1696 4636 luculentiorem
1712 4570 1940 4636 vocabulorum

316 4701 498 4788 uulgarium
519 4697 810 4782 pronuntiationem
827 4688 1029 4754 indicandam
1044 4682 1247 4768 (Cellhorae
1259 4683 1406 4750 Samarit.
1419 4707 1447 4770 p.
1459 4687 1526 4768 65),
1548 4679 1644 4771 idque
1659 4683 1691 4748 h.
1702 4682 1723 4746 l.
1740 4681 1938 4768 significans,

319 4835 388 4908 πῃ
399 4810 671 4899 pronuntiandum
689 4829 778 4883 esse,
801 4825 865 4866 non
880 4818 960 4892 app.
1006 4797 1393 4876 stomachantium,
1410 4803 1429 4860 3
1452 4795 1572 4860 lineola
1588 4817 1685 4880 super
1701 4794 1819 4860 Deleth
1834 4799 1941 4882 posita

318 4923 564 5014 significabant,
586 4939 673 4994 aar:
688 4917 859 5005 legendum
876 4931 980 5010 eppa,
1004 4933 1067 4992 pon
1085 4923 1119 4972 ut
1133 4907 1230 4994 vulgo
1254 4925 1350 5006 appa.
1395 4909 1514 4973 Probat
1528 4909 1624 4970 etiam
1642 4906 1847 4974 Hamalrcrus
1862 4933 1894 4996 p.
1909 4917 1940 4976 9.
2007 4967 2012 4984 ,

320 5039 371 5104 ct.
393 5059 488 5124 supra
502 5058 574 5122 pag.
591 5040 642 5100 56.
686 5030 811 5097 Nomen
835 5026 980 5094 mulieris
1001 5020 1144 5108 sepultae
1157 5019 1345 5085 Musnterus
1360 5019 1529 5106 supplebat
1552 5037 1643 5116 trapa,
1667 5017 1941 5108 (tiliaventum),

318 5175 417 5241 quum
447 5154 480 5215 in
510 5147 667 5213 Palhiana
694 5144 909 5210 delineatione
939 5152 1047 5203 essent
1074 5133 1213 5199 lineolae
1241 5133 1415 5219 quaedam,
1448 5153 1528 5219 quae
1560 5151 1616 5217 pro
1647 5135 1792 5218 vestigiis
1813 5132 1940 5199 litterae

318 5263 425 5352 Aleph
457 5263 569 5328 haberi
596 5272 734 5347 possent.
777 5253 876 5320 Tales
897 5273 976 5318 vero
1001 5271 1102 5336 neque
1124 5246 1328 5312 Hatnakerue
1351 5247 1448 5324 vidit,
1477 5265 1581 5331 neque
1603 5265 1664 5331 ego
1689 5247 1773 5325 vidi,
1805 5261 1837 5310 et
1857 5263 1943 5312 recte
2011 5332 2012 5335 Ἴ

317 5379 373 5446 hio
395 5377 563 5454 observet,
595 5395 657 5437 non
681 5373 811 5468 unius,
825 5369 882 5432 sed
905 5369 1039 5432 duarum
1061 5363 1240 5428 litterarum
1264 5363 1400 5445 spatium
1421 5379 1610 5446 superesse,
1639 5361 1722 5445 quod
1747 5363 1945 5426 exsecando
1970 5415 1978 5435 .

1477 5483 1517 5544 23
1540 5479 1562 5524 i
