5016 6294
317 587 321 602 .
436 573 442 580 ·
496 631 572 708 205
623 619 757 691 LlBEll
771 577 1018 687 SECHNDUS.
1053 585 1390 684 INSCRIPTIONES
1404 603 1686 682 PHOENlClAE.
1717 610 1865 680 CAPUT
1878 613 2078 684 SEXTUM.

621 813 712 890 Quae
741 806 783 873 ab
811 808 903 890 initio
918 802 1030 870 lineae
1053 818 1183 892 quartae
1206 801 1312 870 deleta
1330 816 1423 882 sunt,
1456 802 1496 868 de
1518 823 1590 868 mea
1609 805 1769 870 sententia
1791 805 1973 889 provinciae
1996 825 2113 873 nomen

492 927 715 1002 continebant,
761 921 814 986 cui
845 915 1013 1004 Hiempsal
1048 917 1227 1002 praefectus
1264 929 1344 982 erat.
1406 915 1509 982 Erana
1545 930 1652 982 autem
1688 917 1837 981 ridentur
1872 919 1938 990 iarn
1973 920 2113 1006 antiquis

494 1039 693 1130 temporibus
722 1031 763 1096 ab
791 1030 995 1110 bominibus,
1033 1031 1089 1117 qui
1118 1029 1205 1095 hnnc
1234 1043 1413 1115 praetorem
1442 1051 1470 1094 s.
1498 1047 1666 1116 protegam
1693 1030 1769 1098 odio
1798 1027 1961 1096 habebant
1981 1033 2113 1118 eiusque

473 1135 605 1246 'iugum
626 1146 759 1216 moleste
780 1141 944 1208 ferebant:
976 1143 1067 1208 cuius
1089 1145 1137 1208 rei
1163 1156 1316 1206 sexcenta
1338 1139 1487 1226 exempla
1509 1155 1637 1208 exstant
1665 1161 1694 1204 v.
1718 1163 1746 1207 c.
1776 1144 1809 1206 in
1833 1142 2016 1208 nominibus
2039 1145 2114 1207 titu.

494 1271 598 1355 lisque
634 1267 864 1346 imperatorum
893 1253 1131 1333 Romanorum,
1170 1275 1251 1340 quae
1287 1256 1474 1340 saepissime
1511 1255 1570 1340 (nt
1598 1255 1743 1334 ridetur,
1780 1276 1801 1318 a
1830 1251 2042 1339 Christianis)
2074 1277 2117 1320 ex

494 1372 758 1464 inscriptionibus
781 1389 893 1434 erasae
907 1381 989 1445 ,sunt
1017 1368 1066 1454 (v.
1088 1365 1272 1431 Burkbardt
1299 1368 1371 1429 itin.
1395 1365 1509 1448 Syriae
1532 1389 1563 1452 p.
1587 1371 1660 1430 202.
1680 1372 1743 1432 499
1772 1367 1822 1431 ed.
1846 1368 1980 1454 germ).
2024 1365 2115 1444 Quae

494 1502 665 1580 supersunt
685 1483 826 1550 litterae:
857 1496 981 1547 sanans
1006 1477 1076 1568 (vel
1099 1479 1154 1570 pn)
1176 1478 1217 1542 ad
1233 1477 1429 1564 Hiempsalis
1452 1481 1591 1544 iuniores
1607 1481 1798 1565 pertinuisse
1815 1481 1980 1546 ridentur:
2002 1481 2060 1544 sed
2076 1481 2115 1544 de

494 1608 546 1673 his
573 1601 621 1669 nil
644 1596 774 1665 definio.

623 1741 806 1806 Potuerunt
833 1737 933 1821 igitur
961 1732 1048 1797 hune
1076 1730 1202 1798 titulum
1231 1733 1411 1810 communi,
1447 1745 1482 1796 ut
1508 1733 1651 1811 videtur,
1683 1743 1790 1796 sumtu
1814 1733 1877 1796 duo
1902 1731 2116 1818 Hiempsales,

442 1853 447 1862 ’
497 1876 633 1946 quorum
655 1849 735 1915 alter
757 1850 941 1934 provinciae
958 1846 1083 1910 cuidam
1099 1841 1288 1908 Numidicae
1303 1843 1482 1929 praelectus
1498 1857 1583 1922 erat,
1606 1867 1747 1932 quosque
1764 1866 1806 1910 ex
1819 1847 1911 1932 regia
1926 1844 2117 1911 Masinissae

496 1987 529 2037 et
549 1961 773 2051 Hiempsalem
797 1961 895 2044 stirpe
917 1971 1003 2022 ortos
1025 1960 1200 2042 putaverim
1223 1959 1339 2022 iccirco
1363 1957 1447 2042 quod
1470 1955 1667 2042 Hiempsalis
1692 1979 1807 2022 nomen
1827 1957 1876 2022 illi
1890 1960 1979 2044 genti
1994 1971 2116 2022 tantum

496 2105 562 2151 nou
584 2082 709 2167 privum
732 2087 801 2138 erat
817 2085 850 2136 et
871 2069 1050 2157 peculiare,
1073 2083 1222 2156 tantaque
1245 2069 1340 2134 huius
1361 2072 1562 2134 mouumenti
1577 2091 1648 2134 cum
1666 2069 1929 2155 praecedentibus
1943 2085 1992 2136 est
2008 2091 2117 2134 oeces-

498 2195 614 2262 situdo.
660 2186 754 2265 Quod
776 2198 882 2250 autern
905 2181 965 2247 hoc
987 2198 1226 2249 monumentum
1249 2182 1288 2246 ad
1311 2183 1451 2268 priorum
1473 2180 1602 2248 illorum
1625 2169 1818 2270 elegantiam
1837 2185 2117 2248 eteccurationcnt

500 2329 565 2374 non
588 2302 734 2378 accedit,
767 2295 1027 2383 orthographiam
1051 2297 1146 2360 etiam
1168 2298 1310 2381 sequitur
1337 2294 1378 2357 ed
1400 2291 1531 2381 linguae
1551 2317 1650 2360 sonos
1671 2299 1776 2387 magis
1795 2311 1889 2384 quam
1912 2298 2010 2380 etymi
2029 2294 2118 2382 leges

499 2419 729 2488 conformatam
751 2413 830 2498 (prce
854 2425 1015 2494 pro-tan,
1037 2411 1176 2478 innuen
1201 2431 1258 2494 pro
1281 2409 1479 2492 beennon),
1502 2407 1536 2470 id
1558 2412 1671 2494 partim
1686 2411 1824 2474 tenuiori
1841 2409 1989 2474 fortunae
2004 2409 2119 2494 partim

499 2521 670 2600 recentiori
692 2527 787 2588 aetati
810 2525 1016 2600 voventium,
1039 2523 1092 2607 qui
1113 2518 1214 2585 lubae
1237 2520 1319 2584 forte
1342 2517 1492 2606 aequales
1516 2535 1624 2599 erant,
1649 2519 1825 2586 tribuerim.

624 2664 740 2750 3.,-De
762 2665 959 2728 ornamentis
972 2682 1073 2746 pauca
1093 2661 1229 2726 dicenda
1250 2675 1430 2750 supersunt.
1473 2657 1512 2724 ln
1534 2662 1699 2728 cacumine
1720 2658 1854 2746 lapidis,
1877 2663 1960 2748 quod
1982 2661 2118 2726 fractum

499 2801 567 2864 est,
602 2781 703 2846 tuisse
721 2775 862 2864 figurem,
892 2774 1051 2852 hominis,
1089 2774 1189 2860 pedes
1218 2773 1390 2838 ostendunt
1423 2785 1456 2836 et
1484 2773 1619 2838 inferior
1647 2795 1719 2859 pars
1749 2777 1941 2841 vestimenti.
1981 2772 2025 2838 At
2053 2793 2127 2838 non-

497 2899 649 2968 ferniuam
679 2901 936 2976 repraesentasse
959 2885 1042 2951 hanc
1063 2883 1218 2972 liguram,
1255 2899 1290 2948 ut
1323 2885 1450 2950 volebat
1470 2883 1565 2948 Ham.
1589 2908 1617 2970 p.
1645 2893 1703 2966 11,
1744 2889 1800 2954 sed
1823 2889 1923 2950 virum
1950 2897 2118 2952 voventem

499 3003 781 3092 (Hiempsalem),
812 3003 903 3064 testis
926 3013 975 3063 est
995 2999 1161 3086 inscriptio
1185 3011 1270 3064 reete
1292 2996 1460 3083 explicate.
1505 2997 1552 3062 Gi.
1573 3000 1614 3064 ad
1637 3021 1688 3064 no.
1710 3003 1763 3063 60.
1821 3033 1825 3039 -

628 3144 756 3212 Vaccae
777 3143 904 3226 imago,
943 3141 1059 3224 pariter
1090 3151 1185 3222 atque
1217 3141 1290 3224 equi
1318 3139 1434 3222 aguive
1466 3139 1623 3223 imagines
1655 3142 1689 3204 in
1711 3137 1871 3204 similibus
1892 3143 2118 3216 monumentis,

480 3261 656 3337 'emendim
696 3253 782 3318 hune
810 3251 948 3349 lapidem
979 3251 1119 3314 votivum
1148 3247 1434 3332 adarmentorum
1461 3250 1658 3316 fertilitatem
1697 3254 1889 3338 pertinuisse
1926 3252 1985 3338 (ci.
2013 3249 2118 3316 sirnile

499 3382 742 3440 monumentum
770 3363 954 3428 illiteratum
982 3361 1068 3430 inira
1094 3359 1309 3442 laudandum,
1351 3365 1391 3427 ad
1414 3385 1466 3428 nc.
1489 3363 1574 3443 Lx,
1598 3369 1618 3428 3
1643 3385 1695 3432 no.
1720 3365 1792 3450 10).
1847 3363 1935 3446 Quid
1954 3365 2017 3432 sibi
2042 3362 2119 3430 velit

500 3489 672 3572 triquetra,
701 3461 791 3544 'alias
821 3480 854 3542 in
882 3473 1012 3540 Siciliae
1042 3477 1258 3540 monumentis
1287 3475 1547 3560 frequentissima
1577 3481 1632 3555 (v.
1661 3475 1788 3542 Eckhet
1808 3475 1916 3544 ‘docta
1945 3499 2068 3544 namot.
2093 3475 2119 3554 l,

499 3622 531 3685 p.
555 3603 627 3665 tet.
671 3591 798 3658 Rasobe
827 3587 1088 3675 arriperetur),
1123 3585 1358 3673 Archaeologis
1381 3589 1622 3674 disquirendum
1645 3588 1870 3676 relinquimus,
1899 3593 1952 3676 qui
1980 3593 2119 3670 rideant,

500 3713 643 3798 possitue
663 3705 727 3770 boc
748 3701 929 3789 symbolum
953 3715 1082 3788 propter
1103 3699 1302 3764 fertilitatem
1324 3721 1344 3764 a
1365 3697 1476 3764 Sicilia
1498 3701 1537 3766 ad
1562 3697 1748 3768 Numidiam
1770 3702 1958 3770 translatum
1980 3706 2092 3772 videri.

1266 3887 1343 3952 Lx.

807 4063 852 4124 4
928 3999 1331 4092 nu'rrrnrcn
1379 4019 1693 4097 cursen.

628 4209 658 4266 t.
702 4198 873 4282 lnscriptio
903 4193 1006 4260 tribus
1036 4191 1298 4279 praecedentibus
1334 4189 1449 4256 similis
1488 4205 1520 4256 et
1555 4191 1665 4278 procul
1704 4191 1801 4259 dubio
1837 4197 1870 4263 io
1905 4197 2024 4262 andem*
2044 4195 2117 4263 loco

466 4293 468 4298 Ι
501 4318 637 4394 effossa,
673 4309 729 4375 ubi
758 4329 874 4394 magna
903 4305 1057 4372 similium
1085 4312 1363 4370 monumentorum
1394 4305 1443 4370 vis
1471 4309 1506 4370 in
1537 4304 1783 4376 terralntuisse
1805 4311 1931 4375 uidetur
1962 4309 2014 4397 (v.
2034 4310 2119 4376 inira
2178 4378 2182 4386 ,

501 4455 552 4497 no.
575 4435 635 4510 3),
666 4423 743 4488 olim
764 4429 796 4486 in
819 4419 1007 4485 collectione
1031 4417 1191 4496 Turnum,
1220 4416 1397 4504 Anglorum
1420 4420 1502 4502 apud
1526 4417 1716 4484 'l'unetanos
1738 4419 1904 4500 Consulis,
1933 4443 2017 4489 enno
2038 4429 2119 4490 tete

501 4567 521 4608 a
556 4541 711 4608 Batariae
746 4535 836 4621 Rege
871 4547 956 4598 emta
991 4546 1024 4596 et
1057 4535 1091 4597 in
1127 4531 1278 4598 llluseum
1304 4531 1524 4616 Lugdunense
1553 4530 1659 4598 delata
1688 4548 1747 4596 cst.
1790 4533 2026 4622 *Apograpbum
2052 4540 2120 4602 eins

500 4655 770 4726 Husubertianum
792 4646 897 4732 lapide
920 4646 1062 4710 nondum
1083 4647 1153 4707 viso
1174 4644 1275 4708 edidit
1295 4643 1523 4725 tristamus,
1546 4642 1684 4712 Miscell.
1708 4643 1774 4710 tab.
1791 4652 1810 4710 2
1829 4653 1928 4726 no.'2,
1941 4647 1993 4713 cf.
2016 4667 2048 4732 p.
2067 4655 2120 4726 at,

501 4783 534 4834 et
554 4769 652 4832 etiam
673 4779 787 4850 postea
809 4765 879 4848 ipso
901 4759 1007 4846 lapide
1030 4760 1173 4840 inspecto
1196 4753 1345 4820 laudibus
1367 4757 1506 4824 cumulat
1527 4773 1675 4844 tanquam
1698 4759 1940 4857 integermmum
1963 4756 2121 4837 (Miscell.

496 4905 532 4968 p.
563 4880 660 4962 :leole
695 4897 777 4964 quae
798 4874 926 4962 quidem
947 4870 1059 4936 laudes
1082 4889 1165 4934 novo
1189 4872 1376 4936 testimonio
1392 4885 1484 4952 stunt,
1520 4891 1575 4934 eos
1599 4871 1653 4956 qui
1674 4866 1850 4932 litterarum
1874 4881 2064 4953 potestatem
2087 4886 2120 4938 et

502 5006 649 5057 naturam
663 5004 858 5075 perspectam
875 5007 939 5051 non
953 4981 1093 5048 habeant
1109 5003 1238 5066 perraro
1250 4984 1499 5078 succursurum,
1513 4984 1653 5048 maxime
1668 4977 1842 5070 paullulum
1854 4983 2019 5060 evanidos,
2035 4999 2121 5050 recte

502 5107 713 5190 dignoscere,
743 5103 860 5168 nedum
876 5096 1066 5165 delineanda
1089 5097 1218 5162 imitari.
1263 5095 1408 5173 Etenim,
1438 5116 1618 5182 quanquam
1634 5091 1719 5158 linea
1732 5096 1873 5160 secunde
1890 5108 1921 5160 ot
1935 5097 2028 5160 tertie
2042 5098 2121 5163 satis

502 5216 586 5283 bene
606 5213 850 5292 delineatum,
880 5215 999 5298 prima,
1027 5211 1169 5276 inaximo
1191 5208 1232 5274 ab
1255 5211 1366 5288 initio,
1396 5213 1429 5274 iu
1452 5204 1636 5294 apographo
1655 5207 1741 5272 edito
1759 5204 1854 5292 plano
1870 5208 2043 5294 depramta
2060 5223 2120 5286 est,

503 5331 605 5418 deque
628 5325 764 5415 legenda
789 5348 828 5392 es
849 5327 914 5390 iam
935 5325 1329 5410 desperaveram-quum
1351 5324 1424 5409 ipso
1443 5319 1549 5408 lapide
1571 5322 1714 5406 iuspecto
1735 5320 1776 5386 de
1796 5317 2121 5407 plerarumquelitte·
