4978 6296
996 611 1426 682 PRAEFATIO.
1962 615 2025 685 Vll

408 835 503 912 quae
529 812 601 888 sibi
625 819 777 907 praesto
805 807 966 895 fuerint,
991 804 1182 902 paucitate
1209 817 1503 900 conquerantur,
1540 807 1606 882 alii
1633 811 1698 905 qui
1718 809 1887 907 inopiam
1913 811 2025 886 fateri

409 943 532 1016 nolint
545 965 586 1016 re
602 942 683 1038 ipsa
698 961 783 1012 eam
797 935 948 1010 abunde
963 933 1139 1030 prodant.
1157 930 1328 1029 Namque
1344 947 1426 1008 tum
1441 937 1524 1032 ipsa
1538 951 1787 1012 monumenta
1802 953 1883 1014 tum
1899 939 2025 1014 docto-

410 1095 493 1146 rum
511 1072 707 1144 hominum
729 1069 770 1138 in
784 1088 831 1139 ea
847 1063 1109 1138 commentarii
1132 1073 1212 1134 tam
1234 1063 1362 1135 multis
1382 1065 1422 1136 in
1449 1057 1679 1164 operibus'et
1693 1071 2026 1167 sumptuosissimis

409 1217 448 1276 et
462 1224 571 1297 aegro
593 1197 823 1297 parabilibus
845 1206 961 1290 atquc·
983 1193 1058 1266 alia
1081 1193 1212 1265 omnia
1236 1194 1516 1268 continentibus
1538 1194 1706 1292 dispersa
1726 1212 1853 1290 erant,
1883 1213 1926 1273 ut
1949 1221 2026 1276 non

410 1335 491 1406 sine
513 1329 634 1404 multo
659 1327 789 1402 labore
815 1335 1044 1420 sumptuque
1069 1343 1146 1394 non
1172 1319 1353 1394 mediocri
1378 1324 1559 1396 inunum
1584 1327 1744 1399 conferri
1763 1343 1927 1423 possent.
1983 1331 2028 1404 ln

411 1479 487 1536 uno
528 1459 669 1556 Koppii
705 1457 822 1528 libro:
862 1451 1000 1526 Be'lder
1033 1451 1118 1523 used
1149 1447 1349 1545 Schriften
1384 1451 1454 1523 der
1500 1452 1654 1527 Vorzee‘t
1692 1455 1734 1528 T.
1771 1457 1798 1528 l.
1829 1457 1883 1544 ll,
1928 1459 2029 1554 quod

410 1591 660 1690 plurimorum
687 1596 837 1660 nostrae
859 1583 994 1656 aetatis
1018 1580 1385 1678 Palaeographorum
1406 1583 1629 1678 primarium
1651 1585 1725 1670 nisi
1738 1585 1891 1660 unicum
1910 1587 2028 1662 subsi-

412 1719 517 1794 dium
549 1729 588 1790 et
620 1715 883 1790 adiumentum
912 1711 1027 1784 fuisse
1052 1710 1221 1800 videtur,
1255 1713 1574 1808 praestantiorum
1600 1714 1834 1810 quarundam
1860 1715 2031 1813 (septen-

411 1849 552 1938 decim,
578 1851 619 1920 ni
646 1846 777 1941 fallor)
799 1843 1091 1939 inscriptionum
1112 1839 1254 1935 sylloge
1278 1843 1483 1938 reperitur,
1518 1842 1566 1915 ab
1591 1843 1673 1916 aliis
1687 1843 1793 1916 nulla
1814 1846 2032 1920 necessitate

412 1981 589 2076 repetita:
627 1975 694 2049 sed
719 1996 841 2072 neque
866 1969 1093 2069 locupletem
1118 1992 1240 2067 neque
1269 1973 1360 2044 satis
1381 1970 1496 2044 fidam
1523 1994 1603 2044 esse
1629 1971 1727 2045 hanc
1753 1975 2034 2071 supellectilem,
2124 2019 2133 2030 ·

414 2109 523 2184 facile
552 2106 789 2195 fatebuntur,
819 2102 884 2201 qui
910 2102 1048 2189 sciant,
1077 2099 1177 2174 ultra
1203 2101 1396 2196 octoginta
1419 2103 1682 2200 inscriptiones
1704 2124 1805 2176 nunc
1836 2123 1888 2176 cx
1913 2115 2036 2178 terrae

415 2239 557 2335 gremio
589 2235 800 2323 emersisse,
840 2232 1108 2331 Koppiumque
1142 2227 1293 2325 quidem
1325 2231 1490 2326 optima,
1533 2254 1629 2328 quae
1645 2226 1710 2304 'ad
1736 2255 1892 2306 manum
1918 2247 2038 2322 erant,

417 2367 595 2465 exempla
620 2365 867 2462 expressisse,
906 2359 1047 2435 sedne
1073 2359 1184 2432 unius
1210 2357 1363 2456 quidem
1391 2361 1665 2458 autographum
1691 2361 1854 2451 vidisse,
1896 2361 2036 2436 nedum

418 2494 643 2570 delineando
683 2497 874 2568 imitatum
917 2513 1008 2565 esse.
1074 2487 1271 2578 Secundo,
1314 2509 1433 2585 eaque
1466 2490 1586 2564 multo
1626 2492 1794 2586 gravior,
1836 2513 1967 2566 caussa
1999 2493 2039 2564 in

416 2626 706 2724 inscriptionum
740 2621 927 2720 exemplis
958 2641 1035 2692 non
1072 2619 1162 2694 satis
1192 2630 1366 2692 accurate
1395 2618 1508 2694 editis
1538 2621 1714 2693 cernitur.
1772 2619 1830 2694 Ne
1864 2622 1964 2695 enim
1992 2619 2040 2693 de

419 2754 645 2855 apographis
671 2751 814 2843 dicam,
842 2773 938 2848 quae
964 2747 1028 2824 vel
1043 2750 1183 2847 raptim
1209 2748 1289 2822 fere
1312 2762 1351 2822 et
1368 2749 1615 2845 negligentius
1639 2750 1703 2824 vel
1729 2772 1781 2823 ex
1802 2748 2042 2848 autographis

418 2887 519 2962 male
545 2884 683 2958 habitis
715 2881 948 2970 factasunt,
990 2901 1053 2952 eas
1078 2877 1174 2952 adeo
1201 2891 1536 2954 monumentorum
1569 2877 1767 2970 editiones,
1807 2877 1855 2952 dc
1881 2901 2041 2978 quarum

420 3015 495 3090 lide
529 3029 567 3088 et
600 3013 812 3109 integritate
854 3033 967 3083 nemo
1009 3007 1087 3082 lere
1122 3005 1380 3099 dubitaverat,
1428 3011 1484 3084 ita
1517 3021 1753 3107 comparatas
1776 3031 1867 3084 esse
1899 3008 2042 3096 inveni,

423 3159 484 3236 ut,
515 3143 661 3242 quibis
686 3144 812 3238 figuris
837 3140 1095 3228 inhaererent,
1136 3161 1231 3210 nonv
1238 3152 1393 3234 possent
1418 3162 1496 3212 non
1522 3140 1570 3232 in
1589 3140 1635 3211 iis
1659 3137 1893 3236 explicandis
1917 3139 2043 3212 oleum
2130 3153 2133 3158 '
2175 3157 2179 3176 ¹

424 3287 463 3348 et
489 3291 644 3370 operam
669 3271 837 3364 perdere.
891 3267 995 3355 Quae
1021 3265 1092 3339 hac
1114 3264 1161 3338 de
1184 3289 1224 3338 re
1239 3279 1328 3340 ante
1342 3265 1411 3342 hos
1426 3267 1504 3340 lere
1518 3289 1661 3342 novem
1678 3289 1799 3341 annos
1817 3281 2045 3366 conquestus

425 3414 506 3478 erat
540 3399 606 3474 cel
642 3393 887 3484 Quatrembre
913 3393 968 3491 ⁴),
1005 3393 1178 3492 equidem
1205 3419 1327 3495 nuper
1351 3398 1515 3496 iniquius
1541 3399 1621 3474 fere
1647 3413 1686 3474 et
1710 3421 1790 3472 non
1814 3400 1894 3471 sine
1922 3397 2048 3496 aliqua

426 3532 598 3608 veritatis
637 3526 891 3625 superlationc
932 3523 1033 3598 dicta
1078 3548 1176 3614 csse,
1224 3528 1266 3599 in
1303 3528 1483 3625 exempla
1527 3542 1626 3603 certe
1668 3529 1716 3604 ab
1753 3527 1968 3602 Humberto
2010 3537 2048 3596 et

425 3661 644 3738 Hamakero
671 3656 774 3730 edita
797 3651 929 3728 cadere
949 3677 1028 3728 non
1053 3677 1163 3751 posse
1189 3657 1406 3730 existimavi
1424 3657 1476 3752 ⁵):
1503 3657 1568 3730 sed
1596 3627 1690 3733 mdx
1714 3656 1773 3730 his
1792 3658 1888 3754 ipsis
1913 3675 2047 3727 monu-

428 3792 565 3868 mentis
592 3799 762 3862 accurate
790 3783 1018 3861 examinatis
1033 3781 1191 3856 meliora
1206 3783 1360 3858 edoctus
1374 3785 1566 3882 intellexi,
1588 3811 1667 3860 non
1681 3788 1793 3860 aliam
1810 3785 1860 3857 ob
1875 3803 2048 3856 caussam

387 3967 398 3978 ..
428 3921 689 3997 Hamalrerum
712 3917 756 3988 in
782 3935 926 3988 errores
951 3913 1170 4003 incurrisse,
1204 3937 1317 4011 quam
1343 3912 1445 4012 quod
1471 3915 1651 4014 exempla
1673 3917 1710 3988 ei
1723 3913 1890 4011 primum
1911 3910 2049 3986 tradita

429 4054 556 4126 minus
580 4058 750 4120 accurate
776 4045 882 4142 picta
907 4043 1058 4117 fuerint
1118 4041 1225 4117 Idem
1260 4043 1437 4143 deinceps
1461 4045 1652 4144 permulta
1678 4044 1753 4120 alia
1779 4045 2047 4118 confirmarunt

430 4189 677 4256 monumenta
693 4176 825 4272 etipsa
838 4197 918 4248 non
934 4169 1114 4248 mediocri
1128 4197 1233 4264 cura,
1260 4176 1433 4272 quamvis
1448 4199 1472 4248 a
1487 4177 1579 4250 viris
1593 4177 1800 4274 scripturae
1825 4173 2048 4248 Phoeniciae

429 4377 830 4402 Μ

495 4507 534 4587 4)
573 4504 721 4566 Μέηιοίνσ
755 4520 806 4558 sur
842 4490 976 4576 quelques
1016 4498 1206 4579 inscriptions
1274 4499 1335 4556 Ην.
1348 4493 1520 4574 Homolen,
1540 4493 1676 4584 gele'ffert
1694 4493 1812 4555 worden
1822 4540 1834 4571 ,.
1856 4492 1904 4554 die
1918 4491 2052 4552 Aawen-

432 4613 589 4694 Puniqrres,
606 4608 691 4668 Paria
706 4608 800 4678 1828,
825 4621 858 4682 p.
873 4605 931 4660 13:
958 4595 1015 4672 „ll
1028 4613 1070 4658 est
1084 4602 1205 4673 certain,
1276 4599 1357 4681 dung
1383 4604 1462 4677 jener
1488 4600 1592 4684 obigere
1626 4597 1817 4681 allgemeinen
1842 4594 1943 4676 Klage
1971 4593 2052 4656 nicht

434 4743 489 4803 que
503 4713 516 4776 l
522 4719 529 4742 ’
537 4709 670 4776 extreme
681 4706 887 4794 imperfectiora
902 4699 952 4762 des
965 4704 1061 4784 copies
1070 4701 1207 4789 firmem
1278 4703 1469 4790 Stoufinden
1471 4747 1583 4766 ......
1630 4702 1712 4765 Mon
1725 4700 1802 4763 wicel
1814 4697 1879 4761 also
1893 4697 2051 4760 anreedmen

434 4849 473 4883 on
494 4813 624 4882 obstacle
640 4836 762 4896 presque
781 4804 1011 4870 insnrrnontcble
1021 4830 1098 4889 pour
1117 4805 1209 4868 l'eoe—
1277 4807 1390 4870 kdnnerr
1408 4807 1467 4870 aad
1481 4811 1614 4889 mileses,
1637 4807 1708 4869 dass
1726 4804 1773 4866 die
1785 4826 1842 4866 oon
1857 4807 1948 4864 ιίηοη
1970 4802 2051 4866 sol-

432 4925 579 5010 plc'cutr'on
592 4919 628 4980 de
641 4941 687 4981 ces
701 4936 877 4978 monumen&
890 4917 912 4947 “
1279 4914 1370 4976 chen
1391 4917 1615 4998 Herousgeher,
1646 4913 1698 4972 der
1718 4909 1773 4970 den
1787 4907 1870 4970 Stee're
1893 4907 1983 4970 selhst
1997 4932 2053 4971 vor

500 5027 532 5110 b)
562 5023 694 5107 Allgem.
731 5020 810 5082 Lite.
844 5017 921 5078 Zeis.
966 5021 1047 5080 1835
1085 5013 1210 5098 (mense
1279 5017 1344 5080 sich
1366 5017 1463 5092 holte,
1489 5013 1696 5098 mitgellteilt'en
1715 5015 1818 5097 Zr'lge‚
1849 5011 2063 5100 roirltlr'cboqf

437 5129 597 5218 Augusto)
626 5131 666 5190 T.
687 5128 721 5188 11
744 5148 777 5208 p.
802 5123 882 5186 4⁴5:
916 5121 1028 5199 „ch
1055 5119 1109 5182 dos
1131 5118 1211 5181 Gra·
1280 5120 1344 5182 dem
1375 5124 1471 5182 Sicine
1500 5119 1634 5181 sichtbor
1660 5117 1754 5197 sind,
1787 5117 1866 5180 deine
1890 5117 1972 5178 mehr
1992 5115 2052 5178 und

438 5238 558 5322 phische
580 5231 711 5318 belriffe‚
742 5253 775 5291 so
796 5225 912 5288 micio
935 5225 980 5289 lei
1000 5231 1078 5288 einer
1108 5223 1209 5310 Cepit,
1280 5224 1359 5286 deine
1380 5227 1548 5308 weniger.“

443 5341 558 5404 dieuco
573 5344 662 5402 sicem
674 5330 919 5418 gewisseuhoflen
931 5329 1134 5408 Sochkenner,
1158 5333 1212 5391 wie

1598 5445 1656 5510 b2

1076 5623 1096 5672 l
