4992 6292
542 644 879 716 mscaurrotvas
900 623 1194 714 mautrauers.
1236 645 1297 714 1v.
1320 645 1591 714 mautrauers
1613 644 1808 727 ananus.
1919 655 1988 728 111

369 847 531 922 postrema
558 837 659 903 verba
685 837 849 924 iungenda
877 846 968 901 suut:
1005 836 1092 920 lapis
1121 841 1327 921 casapetra
1355 841 1422 900 ates·
1453 833 1508 898 vel
1537 857 1593 920 per
1621 836 1866 919 appositionem:
1902 837 1989 922 lupis

369 957 478 1014 votas
501 957 614 1036 pctrs's
639 956 721 1028 urei,
759 949 872 1013 eadem
901 969 1058 1033 personae
1080 945 1245 1034 enallage,
1276 969 1370 1034 quam
1391 969 1491 1034 supra
1512 947 1751 1012 observavimus
1781 948 1821 1010 ad
1847 949 1985 1012 insoni

369 1075 402 1127 et
423 1067 455 1133 3.
496 1059 619 1128 Nostro
646 1081 737 1127 more
763 1060 932 1126 dicendum
961 1061 1092 1126 luisset:
1123 1059 1202 1147 Ego
1222 1060 1438 1127 Mastaura
1452 1067 1556 1148 postte·
1575 1057 1667 1124 Baali
1689 1057 1826 1146 lapidem
1848 1081 1891 1125 ex
1913 1075 1988 1124 voto

368 1180 469 1263 patrie
495 1182 569 1244 soei.

808 1507 1062 1576 'CAPUT
1111 1507 1544 1576 SECUNDUM.

497 1661 1173 1740 INSCBIP'PIONES
1234 1661 1853 1739 ATHENIENSES.

492 1865 587 1932 Duae
621 1865 848 1952 inscriptiones
880 1796 1075 1929 Phoeniciab
1103 1825 1172 1929 sive
1201 1868 1308 1952 potius
1336 1863 1498 1952 bilingues
1524 1862 1663 1929 Athenis
1692 1877 1840 1952 repertae
1868 1865 1986 1930 dudum

366 1987 571 2049 innotuerant
592 1980 671 2043 viris
693 1978 807 2056 doctis,
832 1975 947 2062 quibus
963 1980 1147 2063 nuperrime
1163 1981 1298 2044 accessit
1310 1981 1419 2044 tertia:
1444 1992 1587 2065 quartam
1602 1979 1688 2042 enim
1705 1977 1986 2042 Fourmontiauam

365 2113 499 2180 eamque
529 2085 700 2155 admodum
731 2104 910 2176 suspectam
940 2089 972 2153 h.
994 2088 1017 2153 l.
1049 2093 1154 2155 sciens
1184 2105 1349 2177 praetereo
1379 2093 1426 2177 (v.
1450 2091 1536 2156 inira
1558 2112 1612 2158 no.
1635 2094 1709 2176 80).
1760 2089 1812 2155 Ad
1834 2110 1987 2176 quaenam

333 2214 336 2220 '
364 2206 514 2270 homines
536 2202 615 2268 mihi
637 2204 798 2289 pertinere
820 2201 1005 2267 viderentur
1025 2201 1106 2268 haec
1127 2218 1353 2283 monumenta,
1382 2207 1445 2268 iarn
1467 2227 1565 2291 supra
1595 2205 1649 2291 (p.
1672 2205 1736 2289 11)
1757 2206 1867 2290 paucis
1888 2203 1988 2288 signi·

363 2317 470 2384 ficavi.
525 2313 633 2392 Quum
663 2335 740 2379 varo
769 2295 850 2378 alios
878 2312 971 2378 aliter
1001 2329 1140 2380 statuere
1169 2319 1312 2382 viderem
1333 2316 1379 2405 ⁸⁸),
1415 2316 1455 2383 ab
1485 2317 1646 2383 Eduardo
1675 2316 1825 2396 Meiere,
1864 2312 1989 2400 collega

365 2431 641 2506 coniunctissimo,
663 2430 763 2514 quiin
780 2427 877 2493 rebus
889 2425 1007 2493 Atticis
1022 2441 1108 2494 totus
1126 2429 1259 2508 habitat,
1282 2430 1370 2514 petii,
1394 2441 1430 2492 ut
1442 2450 1477 2494 re
1493 2433 1672 2496 accuratim
1687 2449 1847 2516 perpensa
1861 2441 1989 2493 senten·

364 2546 442 2608 tiam
472 2562 562 2606 suam
592 2560 717 2604 mecum
747 2543 1013 2605 communicaret:
1044 2543 1116 2628 qui,
1151 2563 1213 2628 qua
1235 2531 1503 2606 est'humanitate
1526 2557 1559 2606 et
1579 2563 1657 2628 erga
1677 2563 1729 2605 me
1751 2537 1988 2616 benevolentia,

364 2655 444 2722 hacc
465 2655 505 2720 ad
527 2673 579 2717 me
601 2651 745 2738 scripsit‘,
767 2673 848 2739 quae
868 2655 1057 2718 sententiam
1080 2676 1176 2741 supra
1197 2667 1405 2720 memoratam
1426 2651 1602 2718 lectoribus
1623 2653 1718 2718 facile
1739 2651 1986 2742 persuadebunt.

493 2763 749 2851 „Inscriptioues
771 2779 836 2831 tres
857 2764 1051 2830 Phoenicius
1073 2767 1107 2830 iu
1130 2765 1237 2832 Attica
1258 2779 1423 2852 repertae,
1453 2765 1684 2852 aquibusuam
1705 2763 1889 2830 hominibus
1913 2784 1987 2848 pro-

362 2879 465 2944 iectae
487 2880 569 2956 sint,
599 2880 655 2942 vix
678 2879 763 2942 serio
785 2897 930 2964 quaeras.
974 2876 1059 2944 Nam
1081 2901 1177 2965 quum
1192 2877 1329 2944 debeant
1349 2879 1449 2964 repeti
1471 2891 1526 2943 aut
1547 2878 1588 2943 ab
1609 2881 1669 2959 iis,
1699 2899 1831 2964 quorum
1845 2878 1985 2942 maiores

364 2997 548 3080 antiquitas
570 3011 611 3055 ex
633 2976 794 3056 Phoenice
815 2989 933 3056 orti'ia
955 2992 1096 3057 Atticam
1119 2993 1281 3056 civitatem
1302 2993 1422 3079 recepti
1442 3004 1551 3071 erant,
1580 3005 1635 3056 aut
1656 2990 1696 3055 ab
1717 2993 1774 3071 iis,
1804 2993 1985 3077 quirecetts

362 3107 433 3170 sive
461 3105 525 3190 ipsi
553 3103 622 3167 sive
650 3117 758 3190 patres
785 3107 899 3189 avique
932 3105 966 3168 iu
994 3104 1134 3170 Atticam
1165 3105 1426 3190 immigravcrant
1453 3103 1562 3191 ibique
1591 3101 1787 3169 domicilium
1815 3116 1848 3166 et
1874 3100 1984 3166 sedem

362 3217 612 3292 constituerant,
652 3216 782 3279 tertium
809 3229 916 3280 autem
939 3238 1003 3280 non
1027 3218 1137 3294 detur3
1174 3219 1228 3302 qui
1250 3218 1382 3281 evicerit
1403 3217 1443 3282 de
1465 3215 1531 3282 illis
1552 3239 1617 3282 non
1639 3239 1751 3304 posse,
1780 3213 1877 3282 simul
1898 3235 1984 3280 com·

361 3325 512 3414 probabit
540 3325 579 3390 de
607 3325 658 3389 bis
687 3324 767 3389 solis
797 3325 915 3391 dehere
945 3331 1090 3414 cogitari.
1133 3329 1233 3416 Atqui
1267 3333 1408 3415 priorem
1444 3333 1638 3396 senteutiam
1672 3333 1756 3396 tueri
1790 3331 1844 3415 qui
1873 3325 1982 3405 vellet,

362 3439 495 3505 deberet
516 3440 742 3524 inscriptiones
764 3451 819 3501 aut
842 3441 882 3504 ed
904 3438 1167 3525 Gephyraeorum
1188 3454 1242 3505 aut
1264 3443 1304 3506 ad
1320 3441 1516 3508 Phoenicum
1539 3442 1662 3530 aliquos
1682 3440 1821 3530 gentiles
1842 3440 1982 3515 referre3

320 3561 321 3564 ’
363 3573 437 3617 ιιιιιιι
467 3549 549 3615 alios
576 3551 702 3614 Atticae
732 3548 855 3616 incolas
888 3551 1092 3616 Phoeniciam
1122 3555 1279 3638 originem
1309 3575 1384 3638 prae
1412 3577 1448 3618 ae
1477 3553 1607 3635 tulisse,
1638 3578 1679 3618 ne
1702 3555 1820 3622 sabulis
1842 3557 1982 3643 quidem,

363 3665 446 3751 quod
468 3665 585 3742 sciam,
622 3665 772 3729 traditum
795 3677 854 3732 est.
897 3663 1107 3750 Gephyraeos
1125 3677 1231 3728 autem
1250 3686 1327 3728 sane
1342 3663 1527 3730 Herodotus
1552 3669 1604 3752 (5,
1628 3669 1787 3752 57-61)
1809 3669 1850 3752 **)
1873 3648 1999 3733 statuit*

360 3775 539 3843 Phoenices
561 3773 721 3841 Cadmecs
739 3777 860 3858 fuisse,
892 3773 1052 3842 Cadmeas
1074 3798 1152 3842 vero
1175 3777 1260 3841 idem
1281 3797 1388 3842 rerum
1402 3780 1540 3863 scriptor
1556 3799 1629 3843 cum
1645 3777 1771 3864 vulgari
1785 3778 1983 3843 Graecorum

360 3889 446 3954 lama
468 3911 510 3954 ex
531 3890 692 3955 Phoenice
705 3903 793 3976 putat
807 3891 1016 3967 derivandos3
1038 3904 1132 3977 atque
1146 3889 1257 3954 eodem
1272 3888 1470 3954 Phoenicum
1486 3911 1610 3976 quoque
1623 3903 1751 3978 gentem
1766 3891 1908 3956 Atticam
1924 3891 1982 3975 cre)

361 4015 504 4088 spectare
532 4015 568 4066 ut
594 4015 731 4082 statuas,
769 4023 887 4069 nomen
910 4005 1019 4090 ipsum·
1037 3987 1329 4069 videtnrsuadere.
1369 4001 1519 4068 Attamen
1542 4005 1682 4082 neutris,
1717 4005 1746 4068 si
1769 4001 1819 4068 vel
1840 4007 1981 4070 maxime

360 4133 432 4180 cum
450 4113 611 4178 Phoenice
634 4113 862 4196 cohaeserunt,
885 4135 940 4181 eas
963 4119 1189 4202 inscriptiones
1211 4137 1283 4180 esse
1301 4115 1486 4181 tribuendas
1503 4138 1569 4180 una
1582 4119 1663 4180 ratio
1679 4119 1757 4182 satis
1772 4119 1837 4181 iam
1852 4120 1981 4183 evincit.

360 4223 507 4314 Namque
541 4247 612 4290 cum
649 4223 726 4290 illac
764 4229 990 4315 inscriptiones
1025 4228 1205 4316 olympiade
1238 4232 1412 4294 centesima
1441 4227 1563 4315 aliquot
1590 4232 1683 4294 annis
1707 4229 1878 4296 videantdr
1909 4252 1980 4297 esse

360 4341 572 4424 posteriores,
608 4360 735 4404 omnem
762 4339 860 4405 fidem
883 4356 1014 4428 superat
1034 4364 1074 4406 eo
1097 4358 1238 4427 tempore
1261 4343 1408 4428 cuiquam
1431 4363 1473 4406 ex
1495 4341 1668 4430 gentilibus
1692 4366 1801 4410 earum
1825 4346 1979 4431 gentium,

410 4589 440 4662 ')
464 4595 568 4658 Barth,
594 4597 736 4663 Erlridrang
761 4599 829 4650 einer
856 4599 986 4650 Atticclren
1019 4602 1136 4654 Urlrunde
1204 4603 1243 4651 ein
1261 4600 1435 4668 pb‘c‘niziccher
1449 4603 1540 4653 Dienrt
1557 4603 1582 4652 in
1595 4603 1640 4652 der
1653 4602 1728 4654 Nate
1741 4603 1785 4652 der
1803 4601 1979 4652 Phaleriscben

360 4693 420 4744 iiber
445 4693 503 4777 dut,
518 4693 660 4758 Vermcgm
686 4695 730 4746 det
754 4695 942 4762 Apollinischen
967 4699 1135 4761 Heitigthumc
1204 4697 1303 4749 Gebiets
1321 4715 1433 4761 geresten
1451 4701 1530 4763 eqni
1556 4700 1714 4750 Miudestesr
1734 4701 1766 4749 itt
1786 4717 1812 4749 es
1829 4697 1979 4762 uuffullend,

361 4785 605 4857 ousDelosp.16=
626 4794 677 4856 „ln
696 4792 743 4842 den
760 4791 848 4842 deluere
864 4793 952 4845 Redeo
967 4795 1012 4844 dec
1029 4797 1136 4844 Deinur-
1202 4793 1263 4843 dust
1291 4795 1317 4844 in
1345 4795 1435 4845 Attico
1460 4795 1534 4846 sebon
1563 4795 1618 4846 ἄνεί
1642 4794 1801 4861 phdnizlsobe
1829 4791 1977 4856 latebristen

362 4885 421 4936 dccc
446 4883 541 4949 defend
567 4887 619 4938 rich
640 4887 694 4938 eise
718 4880 877 4942 διαδικασία
901 4885 1054 4954 Φαληρέων
1069 4883 1136 4956 ruptis
1201 4885 1327 4952 gesusden
1344 4892 1409 4942 sind.

361 4980 495 5036 Φοίνικας
526 4973 595 5052 iniq
631 4978 679 5051 τῆι
711 4977 857 5052 leporiana
885 4979 936 5038 τοῦ
963 4978 1136 5038 Houssdoisos
1253 4983 1297 5049 **)
1316 4985 1397 5038 Plura
1414 4985 1448 5039 de
1462 4984 1627 5053 Gephyraeia
1642 4985 1743 5038 dabunt
1756 4987 1888 5038 Mearrius
1901 4987 1976 5042 Lect.

360 5073 495 5144 (Dionys.
523 5095 549 5146 p.
575 5077 656 5146 116),
688 5099 727 5133 wo
748 5077 819 5148 raptis
845 5081 976 5134 Φοίνικας
999 5082 1066 5132 nicht
1091 5085 1135 5133 mit
1201 5078 1275 5134 attio.
1299 5081 1343 5147 V,
1369 5082 1414 5132 31.
1446 5083 1591 5133 Bochartuc
1612 5079 1641 5140 lu
1665 5080 1772 5136 crucan
1799 5087 1830 5150 1,
1852 5086 1897 5136 21.
1933 5081 1978 5138 (ll.

352 5173 469 5239 -Sylburg
494 5173 658 5238 anzusechtm
684 5181 723 5228 ist.
773 5179 810 5230 Ob
832 5177 924 5244 y'etloch
950 5177 1135 5232 atoariense
1200 5177 1346 5230 nemetes.
1368 5175 1485 5230 Miscell.
1501 5178 1601 5244 phoen-
1620 5195 1648 5246 p.
1661 5182 1721 5233 213.

359 5271 400 5320 ein
421 5271 536 5323 attirches
554 5273 698 5324 Gcrchtecht
717 5293 816 5342 waren,
836 5277 884 5326 wie
901 5277 942 5326 die
954 5275 1133 5328 Phdsizisclsen
1253 5269 1312 5340 m)
1328 5272 1501 5342 Hesychius:
1526 5276 1659 5345 Φοίνικες,
1677 5277 1752 5346 γένος
1769 5283 1796 5332 cl
1813 5269 1975 5344 Ἀθήνησιν.

360 5367 516 5435 Gephyrder,
536 5371 566 5420 iat
585 5373 631 5420 mir
645 5368 806 5435 zweiselhufi.
850 5372 928 5424 Sollte
946 5373 1069 5425 vielleiobt
1085 5391 1134 5439 gur
1202 5370 1245 5428 Cf.
1262 5370 1353 5427 Melet·
1370 5372 1403 5425 de
1422 5371 1535 5445 gentilil.
1555 5371 1633 5426 etuas
1650 5391 1677 5444 p·
1693 5375 1734 5430 ⁵³.
