4922 6300
511 637 586 713 276
641 631 776 702 LIBER
799 631 1005 700 TERTIUS.
1047 631 1109 699 DE
1129 631 1272 700 NUMlS
1297 626 1563 697 PHOENlCllS.
1607 626 1755 698 catut·
1774 627 2034 698 SECUNDUM.

638 819 818 908 Antequam
841 822 881 886 ad
901 819 1047 908 singulas
1069 843 1179 886 earnm
1201 818 1322 886 classes
1345 817 1574 886 describendas
1595 818 1796 899 acceffimus,
1833 817 1988 884 nonnulla
2007 821 2041 884 in
2066 821 2137 885 nni·

514 955 642 1002 versum
664 933 897 1020 praemittenda
918 947 1008 1002 root:

639 1095 689 1162 Ac
706 1102 846 1182 primun
867 1098 994 1184 quidem
1017 1098 1057 1162 ad
1081 1093 1228 1162 Ciliciam
1243 1099 1402 1183 pertinere
1420 1095 1516 1162 huius
1530 1097 1659 1183 generis
1674 1107 1853 1172 monetam,
1875 1095 1957 1180 quod
1972 1093 2136 1162 nonnullis

512 1209 669 1274 incertum
698 1211 800 1272 risum
830 1225 879 1274 est
909 1209 1072 1296 (Hamalr.
1101 1207 1239 1273 lllisccll.
1265 1232 1339 1296 pag.
1363 1211 1465 1292 145),
1495 1223 1581 1274 recte
1603 1211 1667 1272 iarn
1688 1207 1864 1272 effecerunt
1886 1205 2077 1274 Pellerinins
2105 1225 2138 1273 et

513 1319 690 1386 Eckhelios
723 1319 1080 1409 (111,p.412.413).·
1122 1319 1269 1408 Namque
1301 1345 1364 1386 uon
1395 1321 1501 1387 solnm
1530 1319 1683 1408 pleraque
1709 1317 1857 1405 exempla
1880 1341 1922 1384 ex
1945 1317 2137 1387 Caramauis

511 1431 609 1499 allata
630 1449 705 1499 suut
727 1434 788 1518 (cl.
809 1435 931 1500 Sestini
951 1433 1065 1499 lettere
1083 1431 1147 1512 lll,
1171 1457 1201 1520 p.
1226 1441 1285 1500 103
1307 1435 1412 1522 sqq-l:
1449 1436 1506 1501 sed
1534 1437 1630 1498 etiarn
1659 1431 1851 1516 emblemata
1874 1454 1985 1498 eorum
2008 1435 2040 1497 iu
2063 1433 2136 1501 aliis

513 1545 647 1611 Ciliciae
676 1550 877 1613 numismatis
907 1562 1107 1634 comparent,
1143 1549 1183 1612 de
1213 1569 1346 1633 quornm
1369 1549 1495 1632 origiue
1517 1569 1613 1632 quum
1642 1545 1772 1611 aliunde
1794 1561 1861 1610 tum
1885 1567 1927 1610 ex
1949 1547 2137 1634 epigraphis

512 1663 638 1747 graecis
660 1672 801 1724 constat:
825 1663 877 1726 cui
892 1663 1048 1725 accedunt
1070 1657 1244 1732 nonnullae
1259 1661 1484 1745 inscriptiones
1502 1659 1711 1737 Phoeniciae,
1734 1679 1814 1744 quae
1831 1681 1894 1722 nou
1910 1661 2015 1723 minus
2031 1673 2136 1724 certae

511 1773 783 1858 interpretationis
804 1789 897 1854 suut,
921 1772 1009 1837 velut
1032 1773 1095 1844 r'nn
1117 1777 1187 1843 buu.
1231 1769 1323 1838 Dein
1345 1771 1430 1836 hona
1452 1793 1524 1856 pars
1547 1770 1660 1836 horum
1686 1792 1854 1836 nnmerum
1879 1769 1961 1856 (litt.
1985 1769 2021 1835 C.
2036 1771 2078 1836 D.
2096 1771 2135 1838 G.

514 1883 560 1950 Μ.
582 1881 637 1968 Ν)
665 1883 778 1971 figuris
808 1901 921 1951 oruata
949 1899 1017 1965 est,
1054 1907 1135 1971 quae
1164 1885 1205 1949 ad
1233 1907 1339 1950 mores
1371 1899 1404 1948 et
1432 1883 1606 1971 religiones
1636 1884 1805 1948 Persarum
1834 1897 1980 1969 spectent
2001 1885 2136 1974 ideoque

514 1999 673 2084 originem
705 1997 866 2063 Persicam
896 2021 974 2087 prae
1002 2020 1039 2064 se
1062 1999 1187 2078 lerunt,
1225 2013 1257 2062 et
1280 2001 1312 2062 in
1335 1995 1408 2062 aliis
1430 1999 1527 2061 etiam
1550 1995 1670 2061 Ciliciis
1692 2018 1806 2084 graece
1828 1999 1990 2082 inscriptis
2015 1995 2136 2084 (veluti

513 2111 547 2174 in
570 2107 664 2175 Malli
692 2127 839 2190 moueta,
875 2109 1002 2176 Duteus
1024 2108 1047 2174 l.
1067 2133 1091 2176 c.
1114 2134 1167 2176 nc.
1189 2111 1230 2194 6)
1252 2123 1449 2197 comparent:
1485 2107 1542 2174 alii
1564 2109 1755 2174 Daricornm
1777 2131 1866 2173 more
1889 2113 2017 2175 nonnisi
2041 2133 2136 2175 uuam

512 2237 637 2310 partem
659 2231 776 2287 cusam
791 2223 928 2302 hahent,
957 2222 1090 2288 alteram
1112 2225 1223 2288 rudem
1243 2225 1313 2286 sine
1330 2222 1442 2286 iorrna.
1485 2221 1537 2287 Ex
1555 2221 1605 2286 his
1620 2225 1682 2286 iam
1699 2217 1971 2288 Eolrhelius'recte
1987 2226 2135 2304 coniecit,

513 2333 685 2422 pleraque,
722 2337 785 2399 uisi
814 2339 940 2416 omnia,
976 2335 1070 2400 huius
1098 2350 1246 2401 monetae
1275 2356 1395 2421 genera
1425 2332 1606 2399 Alexandri
1628 2333 1742 2421 Magni
1766 2351 1902 2400 aetatem
1924 2338 2082 2402 excedere
2105 2307 2148 2401 et·

486 2425 492 2436 l
515 2451 643 2536 imperii
666 2449 786 2513 Persici
808 2463 950 2534 tempore
972 2471 1050 2514 cusa
1071 2471 1143 2514 esse
1171 2448 1231 2533 (cl.
1253 2449 1291 2514 ad
1316 2471 1370 2512 no.
1391 2445 1494 2532 Vll'):
1524 2469 1587 2534 quo
1609 2449 1713 2533 posito
1735 2445 1830 2512 lacile
1853 2452 1948 2514 etiam
1971 2447 2135 2537 intelligis,

515 2563 590 2650 quid
619 2583 752 2628 mursae
784 2563 844 2639 sit,
883 2563 967 2648 quod
999 2563 1055 2648 (ut
1088 2562 1248 2647 diximus)
1278 2582 1378 2648 usque
1407 2561 1447 2624 ad
1476 2557 1601 2624 Indiam
1636 2560 1836 2624 disseminati
1863 2577 1938 2627 sunt
1972 2561 2006 2627 hi
2038 2565 2135 2628 uumi.

477 2747 481 2752 ,
520 2671 597 2738 liras
631 2671 828 2752 litterarum,
865 2696 947 2761 quae
980 2677 1014 2740 iu
1052 2677 1213 2762 argenteis
1247 2675 1419 2740 admodum
1452 2675 1622 2737 distinctae
1649 2694 1721 2737 esse
1750 2659 1874 2753 bolant,
1909 2678 2027 2760 passim
2055 2678 2137 2741 adeo

515 2801 647 2852 ornatae
677 2789 741 2872 (ita
767 2787 914 2874 quidem,
954 2801 989 2852 nt
1015 2785 1141 2852 litterae
1170 2808 1229 2873 pro
1257 2783 1352 2852 lineis
1381 2779 1572 2872 punctorum
1602 2801 1822 2850 consertorum
1845 2789 1930 2852 serie
1951 2791 2136 2874 constent),
2164 2785 2175 2802 ‘

515 2899 548 2962 iu
572 2897 664 2976 aliis,
686 2899 827 2963 maxime
849 2902 967 2978 aureis,
991 2901 1130 2964 eximiae
1151 2901 1318 2984 parvitatis
1338 2913 1371 2961 et
1386 2919 1485 2984 saepe
1500 2895 1626 2976 laesae,
1649 2897 1824 2984 singularis
1841 2901 1995 2986 quaedam
2012 2899 2137 2968 indoles

516 3025 581 3088 est,
604 3031 685 3098 quae
708 3011 749 3074 ad
771 3011 945 3094 scripturae
957 3011 1128 3076 Hebraeae
1150 3025 1183 3074 et
1203 3014 1322 3074 veteris
1336 3009 1514 3074 Aramaeae
1535 3009 1751 3076 characterem
1769 3013 2002 3098 quodammodo
2014 3013 2138 3080 accedit

515 3122 610 3206 (ride
630 3119 694 3186 tab.
709 3127 740 3186 3.
754 3123 814 3208 t),
848 3125 935 3188 etin
957 3145 996 3188 eo
1019 3127 1159 3190 maxime
1182 3125 1338 3201 cernitur,
1367 3123 1450 3210 qnod
1474 3121 1654 3188 litterarum
1676 3127 1883 3211 capitatarum
1914 3125 2017 3212 (Ain,
2041 3125 2135 3207 Beth,

516 3231 645 3320 llasch)
678 3235 782 3321 capita
809 3257 948 3322 superne
977 3251 1089 3323 aperta
1118 3251 1202 3302 sunt.
1258 3235 1412 3322 Denique
1440 3233 1519 3300 illud
1551 3237 1723 3304 admodum
1753 3236 1922 3303 molestum
1951 3253 2001 3304 est
2028 3243 2062 3306 in
2085 3241 2135 3308 his

517 3349 640 3424 nuruis,
683 3347 785 3434 quod,
823 3351 914 3413 cuius
943 3348 1033 3414 urhis
1060 3349 1180 3436 singuli
1208 3351 1338 3435 putandi
1368 3351 1452 3430 sint,
1494 3364 1580 3414 certa
1609 3351 1735 3414 ratione
1764 3353 1796 3414 iu
1826 3355 1934 3436 paucis
1966 3356 2135 3419 uronstrari

517 3473 631 3545 potest.
674 3458 820 3525 Aliorum
849 3463 933 3526 eninr
963 3461 1156 3549 epigraphen
1179 3465 1286 3528 minus
1306 3477 1412 3526 certae
1434 3461 1582 3527 lectionis
1605 3477 1697 3526 sunt:
1733 3462 1869 3528 aliorum
1890 3461 1986 3528 lectio
2008 3469 2135 3552 quidem

515 3573 594 3637 satis
622 3575 790 3659 perspicua
818 3587 885 3654 est,
920 3597 1003 3662 quae
1033 3596 1111 3640 vero
1140 3575 1237 3641 urbes
1264 3573 1448 3640 nominihus
1471 3578 1608 3662 propriis
1633 3575 1816 3640 Phoeniciis
1837 3579 1951 3656 haara,
1975 3581 2135 3671 *paup-ru,

516 3685 644 3772 'thuben
661 3687 861 3765 indicentur,
891 3686 1097 3754 definiriuou
1114 3703 1236 3775 potest,
1267 3710 1363 3774 quum
1377 3687 1494 3754 Graeci
1516 3691 1706 3774 scriptores,
1728 3690 1761 3752 iu
1784 3687 1917 3754 historia
1938 3689 2136 3760 coloniarum

517 3796 762 3864 Phoeniciarum
790 3803 824 3864 iu
856 3798 936 3864 Asia
964 3805 1089 3866 minere
1116 3800 1309 3866 illustranda
1340 3803 1471 3894 omnino
1501 3806 1667 3889 parciores
1696 3803 1752 3884 ll),
1792 3801 1977 3888 vulgaribus
2008 3806 2134 3874 urbium

515 3912 699 3977 nominihus
726 3934 859 4000 perraro
889 3927 999 3978 vetera
1020 3929 1053 3978 et
1075 3916 1251 3980 domestica
1274 3913 1391 3977 addere
1413 3911 1549 3978 soleant.
1593 3911 1644 3978 De
1667 3917 1738 3979 uuis
1760 3913 1978 3983 Tarsensihus
2000 3923 2137 3985 certiora

515 4023 578 4086 dici
601 4039 742 4110 possunt.
785 4023 856 4090 llos
877 4027 974 4113 igitur
995 4041 1028 4092 et
1049 4026 1103 4115 qui
1124 4027 1175 4092 his
1198 4027 1327 4113 cognati
1347 4039 1442 4104 sont,
1473 4029 1643 4111 separatim
1666 4025 1881 4096 tractabimus.

1103 4258 1190 4326 Vll.
1245 4258 1543 4327 TARSUS.

640 4423 839 4509 Namusam,
877 4435 931 4518 qui
960 4429 1012 4496 rel
1039 4433 1141 4517 ipsius
1170 4430 1268 4497 Tarsi
1297 4445 1371 4498 sunt
1392 4427 1444 4494 vel
1466 4429 1683 4499 Tarsensihus
1705 4447 1790 4499 certe
1811 4437 1985 4523 imaginum
2007 4440 2135 4526 epigra-

370 4607 383 4618 ,
513 4543 711 4630 pharumque
734 4543 945 4610 similitudine
966 4541 1114 4624 finitimi,
1146 4549 1398 4630 praestantiores
1420 4544 1489 4608 fere
1514 4544 1547 4608 hi
1569 4562 1658 4610 sont:

638 4711 678 4777 A.
700 4715 741 4798 ”l
775 4697 908 4798 Iupiter
928 4714 1010 4777 solie
1032 4714 1179 4780 inridens
1202 4716 1249 4780 ad
1268 4722 1347 4794 rin„
1384 4715 1509 4780 dextro
1531 4724 1692 4802 sceptrum
1714 4723 1846 4796 lenm,
1886 4719 1919 4782 iu
1942 4741 2019 4784 arca
2040 4728 2133 4807 rpc‘cu

513 4835 547 4891 cl
568 4847 643 4892 son.
687 4825 775 4890 Pone
797 4825 970 4918 epigraphe
994 4845 1057 4900 tun
1078 4831 1149 4898 hs:-
1196 4828 1263 4894 Sub
1287 4827 1368 4894 sella
1385 4843 1417 4893 at
1431 4843 1504 4894 autc
1519 4825 1645 4926 litterae
1660 4826 1907 4895 solitariaeuet
1923 4848 1948 4920 q.
1990 4830 2060 4897 AR.
2080 4837 2132 4916 θξ.

512 4939 539 5024 )(
576 4938 648 5006 Leo
684 4949 814 5006 tuarum
849 4940 1036 5024 decorans,
1074 4941 1159 5008 inira
1194 4947 1279 5010 muri
1313 4941 1405 5008 ertu
1439 4949 1609 5021 munitae,
1647 4963 1743 5028 supra
1780 4945 1980 5031 undeviginti
2007 4943 2133 5012 litterae

564 5245 588 5314 ⁸)
606 5247 678 5324 Vide
691 5265 759 5316 qnae
774 5249 900 5303 admixtis
921 5251 977 5304 sois
996 5251 1159 5308 coniecturis
1179 5252 1288 5327 collegit
1409 5249 1449 5318 ’Ἴ
1471 5251 1589 5306 Litterae
1608 5251 1710 5308 Δ-Τ
1728 5251 1883 5307 reseruntur·
1900 5255 2130 5310 sdasuumcrum

513 5345 656 5398 Bochcrtss
673 5344 702 5397 in
718 5343 826 5401 Cmssu
845 5347 867 5416 l,
886 5363 946 5415 esp.
961 5349 1071 5403 5-10.
1357 5349 1499 5416 exempla,
1521 5365 1590 5417 quase
1606 5347 1658 5418 ipsi
1670 5348 1793 5403 dedimus
1812 5351 1868 5404 tab.
1886 5352 1931 5408 36.
1948 5354 1992 5408 37.
