4992 6292
559 643 938 714 PALAEOGRAPHIA
957 645 1244 714 COMPAllA'l'A.
1290 643 1610 714 ascalonuita
1633 646 1822 718 anteco.
1951 649 2003 734 67
2015 658 2016 662 ’

499 834 592 901 ane
613 833 740 902 litterae
762 848 883 902 eertum
908 838 1077 923 vestigium
1100 834 1247 920 equidem
1271 833 1353 918 apud
1370 831 1511 900 Graecos
1533 857 1598 900 non
1620 840 1755 923 reperio.
1799 839 1894 924 erod
1913 853 1998 916 enim

373 946 462 1014 zade
491 945 626 1014 eeridem
656 946 797 1014 litteram
826 970 898 1014 esse
927 951 1095 1030 dieunt*)‚
1123 962 1218 1034 atque
1246 944 1343 1024 Zeta,
1372 947 1406 1012 id
1435 945 1515 1013 mibi
1537 951 1729 1033 persuadere
1758 975 1822 1020 non
1852 969 1997 1044 poem,

371 1089 469 1156 quum
483 1065 562 1132 Zeta
576 1079 641 1130 turn
657 1063 761 1127 forma
773 1075 805 1126 et
818 1075 991 1148 potestate,
1002 1075 1081 1126 *turn
1102 1059 1215 1129 ordine
1236 1072 1331 1145 atque
1354 1061 1483 1124 uomina
1505 1057 1630 1128 litterae
1646 1061 1727 1128 zan
1741 1071 1998 1160 respondenti).-

373 1181 499 1244 ridetur
520 1181 620 1266 igitur
641 1174 747 1254 zade,
781 1188 892 1261 utpote
918 1173 1027 1240 littera
1056 1191 1294 1259 supervadanea
1321 1192 1341 1234 a
1372 1173 1482 1257 primis
1511 1176 1618 1240 atatim
1644 1167 1842 1248 litteraturae
1862 1205 1998 1270 grauem

373 1291 557 1358 auctoribus
578 1289 779 1376 repudiatum
802 1300 835 1351 et
857 1309 899 1352 ex
917 1285 1094 1352 litterarum
1116 1287 1201 1350 narie
1223 1287 1359 1350 eieutnm
1383 1305 1465 1350 esse.
1761 1277 1763 1288 '

502 1403 710 1490 Antiquiores
732 1403 829 1486 igitur
850 1397 975 1465 litterae
997 1419 1132 1487 graeuaa
1154 1395 1435 1485 phoeniciis'bune
1456 1397 1489 1460 in
1512 1401 1641 1464 modum
1664 1403 1914 1488 respondebant:

665 1533 687 1582 a
729 1516 765 1578 A
1061 1529 1084 1578 n
1133 1511 1163 1575 Θ
1459 1527 1479 1575 e
1526 1513 1554 1575 0

664 1644 685 1694 :t
734 1629 766 1690 Β
1066 1644 1080 1685 r
1133 1626 1155 1688 1
1460 1641 1480 1688 o
1524 1625 1560 1688 11

665 1757 680 1807 r
738 1742 768 1803 Γ
1059 1754 1081 1804 a
1132 1739 1167 1803 Κ
1462 1750 1487 1800 u
1522 1772 1565 1786 -·

666 1872 686 1922 't
734 1853 767 1918 A
1060 1855 1080 1924 b
1124 1853 1163 1915 Λ
1461 1867 1484 1938 1¹>
1527 1847 1645 1916 Kdrrun

667 1964 949 2051 ttE.(b,i,e)
1055 1965 1167 2032 tuM
1457 1964 1553 2032 ηΡ
1626 2014 1630 2020 ,

664 2099 676 2148 t
735 2077 771 2146 F
804 2085 875 2146 ttae
1061 2098 1074 2145 ³
1121 2079 1159 2158 N
1456 2093 1483 2142 m
1527 2077 1558 2138 Σ
1579 2074 1645 2140 ito

666 2211 679 2261 t
734 2196 765 2255 Z
1055 2209 1075 2259 ο
1120 2191 1222 2276 Σῖγμα
1462 2207 1485 2256 tt
1533 2192 1586 2254 Τ.

665 2325 689 2372 rr
732 2307 772 2368 Η

373 2437 415 2480 ex
438 2435 501 2502 qna
522 2421 759 2502 eomparatione
781 2413 876 2482 simul
898 2413 1106 2504 intelligitur,
1128 2415 1287 2503 quomodo
1311 2414 1458 2481 Pliniana
1478 2412 1535 2480 illa
1556 2413 1596 2479 de
1615 2414 1757 2482 redactur
1780 2417 1996 2488 uetodect'srue

369 2527 484 2594 litteris
492 2526 642 2594 Cadmeis
655 2531 764 2617 opinio
778 2543 849 2594 ortu
861 2532 903 2593 sit
915 2528 1006 2611 (bist.
1015 2535 1119 2609 nati,
1128 2531 1197 2611 56).
1226 2527 1416 2616 Quanquam
1431 2535 1518 2598 euim
1533 2535 1594 2598 irre
1608 2529 1747 2596 sedecim
1764 2515 1995 2598 elementorum

372 2663 522 2706 numerus
542 2644 627 2706 iusto
650 2645 845 2720 minoraret,
868 2662 1003 2708 revera
1025 2655 1131 2707 tamen
1153 2640 1269 2707 Graeci
1291 2646 1487 2730 antiquiores
1509 2645 1620 2710 eiectis
1641 2641 1758 2706 litteris
1780 2641 1891 2722 zade,
1914 2641 1995 2724 Sua,

371 2753 495 2840 Koppu
516 2759 646 2822 nonnisi
666 2755 895 2841 undeuiginti,
917 2767 949 2818 et
970 2758 1005 2820 in
1027 2768 1117 2820 tanta
1137 2753 1262 2822 litterae
1284 2754 1311 2820 Ζ
1333 2761 1465 2824 raritate
1487 2779 1599 2845 reapse
1615 2755 1744 2821 nonuiai
1766 2753 1998 2844 duodevigenti

372 2865 539 2933 elementis
561 2889 604 2934 ex
625 2868 800 2934 Pboeuioia
821 2865 884 2932 eibi
907 2867 1033 2934 traditis
1056 2868 1243 2950 utebantur,
1272 2891 1367 2957 quern
1389 2874 1495 2958 ipsum
1516 2889 1682 2936 numerum
1704 2863 1822 2932 litteris
1843 2864 1994 2936 Cadmeis

373 2979 485 3046 tribuit
504 2979 696 3048 Aristotelea
718 2982 782 3068 (ap.
806 2979 889 3046 Plio.
910 2978 932 3051 l.
955 2980 1011 3068 u).

498 3101 530 3158 4.
572 3095 766 3160 Litterarum
787 3115 975 3182 graecarum
997 3101 1129 3160 mirra
1149 3093 1203 3159 vel
1224 3099 1294 3184 ipra
1314 3109 1390 3162 suut
1409 3094 1579 3183 pboanieio
1593 3107 1625 3158 et
1640 3092 1780 3160 hebraea
1803 3091 1855 3177 (Ἔ
1872 3123 1918 3156 =
1931 3109 1991 3175 tttt,

372 3211 441 3270 Βαῢ
455 3235 500 3265 =
513 3225 555 3300 tq,
578 3212 647 3270 Turi
661 3237 707 3266 =
720 3207 791 3298 req),
814 3207 866 3272 vel
883 3211 946 3274 sibi
959 3208 1100 3274 additum
1114 3207 1235 3274 babent
1248 3233 1280 3290 n,
1303 3211 1387 3297 quod
1409 3211 1506 3274 etiarn
1526 3206 1599 3272 aliis
1616 3205 1825 3273 sabetnntivis
1841 3210 1994 3274 extremis
2037 3187 2041 3196 .

370 3319 530 3384 adiectum
554 3321 712 3405 reperitur
734 3341 777 3384 ex
791 3321 965 3388 Phoenicia
984 3323 1018 3386 iu
1043 3320 1210 3386 Graeciam
1231 3325 1421 3388 transvertis
1445 3323 1512 3416 (5:33
1532 3321 1650 3404 νάβλα,
1674 3323 1743 3415 υξῃ
1762 3318 1903 3404 odida),
1924 3323 1993 3387 sive

371 3455 390 3496 a
419 3444 503 3497 rtatu
532 3431 714 3518 emphatico
740 3431 972 3498 Aramaeorum
1001 3434 1229 3520 repetendum,
1265 3438 1334 3500 sive
1362 3435 1509 3500 feminini
1537 3436 1702 3518 sexus***)
1732 3435 1913 3498 terminatio
1943 3448 1993 3498 ert

371 3544 487 3632 (Ἄλφα
509 3576 553 3606 =
574 3549 682 3644 apin,
712 3556 806 3632 utque
838 3547 884 3610 ita
911 3548 1017 3628 Briau,
1044 3545 1161 3630 Γάμμα
1188 3569 1245 3632 pro
1276 3547 1404 3632 Γάμλα,
1433 3545 1557 3626 Δέλτα,
1586 3551 1675 3631 Ζῆτα
1702 3569 1761 3634 pro
1790 3563 1887 3644 trajo,
1917 3546 1990 3610 vide

369 3823 427 3876 solo
444 3840 479 3876 ao
499 3821 534 3876 ait
548 3822 577 3875 in
597 3821 728 3892 seriptum
744 3821 870 3884 Ennoea,
894 3818 923 3872 in
940 3833 992 3887 qua
1009 3815 1147 3888 signorum

368 3917 470 3973 terit
478 3917 659 3974 diversitatem
670 3919 723 3972 nm
734 3924 905 3992 agnoverunt
914 3917 1024 3972 tamtus
1038 3917 1075 3980 tt,
1083 3909 1146 3978 265)

370 4025 398 4069 ei
419 4014 509 4079 Odnsr.
522 4019 649 4068 Mithrae
667 4015 796 4083 (Etrurlrer
815 4014 852 4077 ll,
870 4030 897 4081 p.
916 4011 994 4076 boll:
1020 4011 1145 4078 „matr-

369 4112 501 4165 rebeinlr'eb
519 4113 705 4164 unterrebieden
723 4117 776 4162 also
794 4113 835 4162 die
854 4111 973 4162 Etrurlrer
992 4110 1034 4160 die
1051 4109 1144 4160 wetrte

369 4212 421 4262 urtl
438 4211 510 4261 burte
526 4207 640 4276 spirant,
657 4224 731 4260 unser
748 4225 760 4256 r
777 4208 829 4256 arrd
844 4225 878 4271 ra,
897 4207 944 4256 ‹lerr
962 4203 1073 4277 butalng
1091 4207 1143 4258 und

369 4305 471 4378 birring
492 4305 580 4358 round
604 4305 650 4356 der
675 4303 832 4368 Eugtdaderr
859 4301 922 4352 doch
943 4303 995 4366 gibt
1019 4319 1045 4354 er
1070 4301 1146 4352 ioum

354 4406 439 4455 ¹cirron
467 4403 563 4454 ribbmr
593 4397 871 4463 Eutseber'durrgrgrnnrl
896 4393 945 4459 sair
979 4399 1020 4449 die
1049 4401 1143 4464 Fruge,

369 4499 472 4552 welrber
497 4517 546 4551 noa
570 4499 660 4550 beiden
674 4499 721 4548 der
738 4497 837 4546 brirtere
853 4491 944 4544 wur.“
981 4491 1091 4562 [Nonne
1110 4495 1142 4547 Μ

368 4617 403 4656 ex
427 4599 551 4655 orientali
576 4599 602 4648 til
627 4605 716 4652 eumn
733 4595 856 4666 asperior
872 4594 958 4648 littere
979 4595 1142 4664 putandai1.

372 4699 474 4752 Eodem
499 4705 587 4766 autem
611 4695 693 4748 modo
722 4695 776 4747 dno
801 4691 933 4746 sibilantia
957 4693 1143 4746 Hebraeorum

368 4801 388 4850 ὓ
409 4809 435 4856 et
454 4795 494 4862 b,
520 4799 591 4868 apud
608 4799 693 4867 Syros
712 4795 861 4852 otrlrabes
882 4795 911 4852 in
928 4811 1010 4848 unam
1028 4793 1143 4848 litteram

368 4899 539 4962 evaluerunt,
564 4895 600 4948 ite
619 4894 726 4964 qnidam
744 4901 773 4945 ut
794 4891 855 4961 Syri
875 4907 926 4960 pro
947 4900 1060 4960 nmaque
1072 4907 1144 4945 seur-

366 5011 414 5062 per
438 4994 553 5048 Sumenti·
575 5007 610 5038 =
634 4991 768 5057 Sameoh,
799 4987 902 5042 Arabes
928 4992 972 5042 Sin
995 4995 1137 5056 ponerent.

365 5087 438 5142 Alias
457 5090 491 5143 de
509 5088 670 5142 sibilantium
692 5085 797 5140 ratione
817 5094 845 5140 et
864 5085 976 5140 historia
995 5083 1139 5140 sententiar

367 5201 395 5240 v.
414 5185 441 5253 §·
461 5183 495 5239 47
513 5185 548 5238 ad
564 5183 665 5238 litteras
684 5186 710 5235 Ζ
724 5191 752 5238 et
768 5183 796 5234 Σ
810 5190 838 5236 et
854 5182 880 5252 §.
897 5184 948 5250 49,
966 5187 992 5236 2.

418 5281 444 5346 'l
462 5284 563 5336 Borrltls
578 5283 831 5348 stomataomutnng
841 5284 887 5334 der
898 5283 1010 5336 Arum
1026 5283 1064 5350 Il,
1077 5281 1137 5337 386.

364 5378 477 5450 Lepsios
495 5370 528 5433 de
545 5378 641 5433 tabulis
660 5377 807 5452 Eugubinit
823 5397 851 5448 p.
872 5379 916 5434 68·

1268 3816 1314 3887 ⁴⁴⁸)
1330 3819 1374 3872 Ite
1388 3819 1480 3884 figure
1490 3817 1555 3874 title
1568 3815 1593 3886 §.
1607 3819 1654 3884 183
1674 3818 1708 3870 tle
1721 3825 1860 3885 potestate,
1876 3835 1990 3884 protraa-

1216 3919 1323 3970 ctutiorre
1345 3923 1373 3969 et
1394 3934 1441 3968 aru
1469 3915 1507 3971 oi.
1532 3913 1612 3966 Lxx
1635 3913 1811 3982 interpretes,
1835 3911 1881 3980 qui
1903 3929 1990 3980 paene

1213 4020 1402 4076 romuntert
1428 4016 1516 4070 littera
1543 4019 1568 4068 Z
1590 4013 1744 4083 exprimunt
1790 4016 1866 4070 reiut
1885 4013 1986 4097 ³2th

1670 4079 1758 4222 ,span
1802 4087 1988 4178 etaervrete'

1214 4218 1265 4273 aim
1282 4217 1364 4272 inser.
1382 4218 1483 4272 Athen.
1502 4218 1528 4282 3,
1551 4214 1579 4268 in
1601 4233 1653 4285 qua
1668 4191 1987 4282 Bvlderffihoenioiir

1213 4320 1309 4376 littaris
1325 4319 1451 4390 seriptum
1472 4327 1514 4373 est
1533 4316 1640 4374 *nillil
1664 4318 1699 4370 de
1718 4319 1814 4371 nomine
1831 4317 1987 4380 tenendum.

1214 4423 1291 4493 Zeira
1309 4424 1408 4478 dietum
1429 4439 1489 4476 esse
1506 4436 1555 4490 pro
1574 4421 1649 4476 terunt
1670 4421 1756 4474 formu
1767 4417 1929 4472 femininae
1958 4419 1986 4484 ⁸1

1211 4543 1261 4596 pro
1280 4527 1328 4598 ll!
1355 4525 1481 4580 Misubna
1510 4525 1662 4579 Sobabbath
1688 4514 1762 4590 Xll,
1789 4525 1821 4587 5,
1854 4519 1890 4573 ul.
1912 4519 1984 4572 arab.

1212 4600 1272 4698 ῦς)
1298 4628 1408 4682 Notioes
1433 4636 1460 4682 et
1483 4627 1600 4684 Extrsita
1626 4627 1711 4694 vili,
1744 4603 1770 4694 p.
1794 4622 1987 4694 to„gr.¹za·t
2025 4601 2027 4606 ¹

1211 4723 1391 4780 Montiaueon
1409 4727 1443 4779 ad
1463 4723 1580 4790 Hexapl.
1599 4719 1634 4788 ll,
1651 4735 1677 4787 p.
1696 4717 1764 4782 395,
1784 4719 1901 4787 aethiop.
1920 4719 1981 4772 Zet.

1261 4978 1318 5050 m)
1337 4985 1438 5040 Statum
1461 4984 1657 5052 emphaticam,
1677 4997 1732 5033 non
1748 4981 1858 5034 feminei
1877 4980 1983 5052 generis

1208 5087 1441 5152 terminationem,
1459 5103 1518 5140 esse
1536 5083 1648 5138 suadent
1666 5077 1765 5152 Adire,
1784 5083 1830 5138 ubi
1848 5083 1899 5136 iarn
1917 5069 1980 5134 nbn

1208 5197 1250 5244 est
1276 5187 1410 5242 femineae
1434 5189 1555 5256 soranae,
1580 5197 1607 5244 et
1632 5183 1723 5252 Ζῆτα,
1748 5204 1764 5242 a
1790 5191 1816 5240 'i
1837 5189 1899 5242 lem.
1919 5184 1980 5249 tt't,

1207 5293 1323 5362 emphst.
1344 5292 1429 5345 nntr-
1908 5287 1930 5300 ‘¹

1550 5483 1599 5544 9*
