4922 6300
391 597 508 669 uum
529 597 719 667 stemma
739 597 800 667 ur
820 597 1134 668 romannorum
1157 550 1428 669 thULARUut.
1473 601 1518 668 x.
1542 601 1793 672 nauteam.
1854 607 1929 682 293

435 789 472 854 ln
495 787 546 854 his
567 786 712 876 legendis
734 787 966 877 Palaeographi
988 811 1099 854 omnes
1120 791 1235 875 partim
1259 789 1418 874 exemplis
1442 792 1565 856 detritis
1594 802 1626 854 et
1654 773 1738 855 mele
1761 792 1929 860 delineatio
2062 825 2065 830 ¹

306 905 449 992 decepti,
483 905 600 989 partim
628 903 668 968 ad
700 904 870 968 discrimen
900 906 983 968 inter
1004 901 1127 968 litteras
1150 900 1252 968 Solio
1274 914 1306 966 et
1324 901 1417 968 Mean
1438 923 1503 967 nou
1523 905 1604 968 satia
1626 907 1834 991 respicientes
1857 905 1929 994 plus

306 1019 454 1084 minusve
476 1037 496 1080 a
517 1035 595 1080 vero
616 1014 816 1082 aberrarunt
859 1015 908 1080 Ao
930 1013 1176 1098 Barthelemyua
1200 1017 1328 1102 quidam
1357 1013 1552 1097 (Mennim
1573 1015 1648 1082 LIII
1670 1039 1700 1104 p.
1724 1021 1785 1102 59)
1813 1018 1928 1086 lalaam

305 1149 399 1216 quam
429 1127 563 1192 exhibet
593 1126 839 1194 delineationem
860 1125 991 1214 legebat
1012 1143 1121 1216 nupta
1145 1145 1204 1206 aa,
1236 1127 1451 1214 Liodbergius
1474 1129 1528 1214 (p.
1553 1130 1595 1216 8)
1617 1133 1732 1218 nupto
1757 1104 1816 1211 aa,
1852 1130 1930 1200 reli-

306 1244 377 1326 quis
407 1238 525 1306 melius
551 1239 700 1326 Koppius
728 1240 780 1326 (ΙΙ
809 1264 837 1326 p.
869 1243 954 1328 192)
989 1263 1031 1306 ex
1061 1239 1210 1326 exemplo
1237 1237 1389 1306 Eekhelii
1418 1237 1562 1330 (sylloge
1591 1265 1682 1308 uum.
1713 1259 1788 1312 vett.
1816 1243 1882 1312 tab.
1909 1252 1930 1312 2

307 1375 360 1420 no.
384 1358 443 1438 13)
476 1357 594 1444 nupia
618 1369 663 1426 en
686 1356 850 1420 excelsum
871 1353 1045 1430 Herculio,
1075 1375 1224 1432 nuruum,
1256 1355 1310 1440 qui
1332 1355 1420 1438 prius
1444 1352 1679 1422 panormitanis
1701 1371 1930 1424 annumeratus

306 1481 373 1546 eat,
410 1480 497 1534 reete
523 1467 565 1532 ad
593 1465 787 1532 Heracleam
815 1466 961 1532 Minoam
989 1465 1144 1531 referens.
1195 1464 1232 1530 lu
1254 1479 1445 1546 nnattameu
1468 1463 1573 1532 littera
1599 1471 1695 1536 etiam
1725 1469 1777 1536 hie
1803 1493 1824 1536 a
1854 1490 1930 1538 vero

307 1580 476 1648 aberrasse
502 1582 681 1646 eeaseodua
712 1593 771 1644 eat.
824 1577 907 1644 Nam
930 1581 963 1644 in
986 1585 1127 1666 quinque
1150 1576 1306 1664 exemplis
1327 1577 1608 1662 Loudinensibus‚
1642 1604 1724 1668 quaa
1746 1583 1930 1650 examinavi

308 1713 505 1782 qrroromque
531 1707 644 1778 eotypn
674 1694 714 1757 ad
743 1713 857 1756 manus
886 1705 979 1772 sunt,
1013 1693 1046 1758 iu
1080 1692 1255 1758 Parisiansi
1284 1690 1453 1776 (liliounet
1482 1689 1521 1757 Τ.
1544 1691 1559 1758 Ι
1587 1715 1617 1780 p.
1644 1700 1719 1761 267.
1746 1718 1800 1760 uo.
1825 1695 1929 1779 48⁷),

308 1827 402 1892 quem
424 1809 458 1870 in
480 1805 541 1871 hae
562 1803 669 1869 littera
691 1827 754 1868 non
779 1819 865 1868 reete
887 1806 1029 1870 Imitatus
1054 1821 1104 1869 ast
1125 1804 1311 1869 Miouuetua
1334 1803 1398 1868 tab.
1422 1809 1463 1868 20
1486 1826 1538 1868 uo.
1556 1811 1615 1884 53,
1645 1805 1826 1872 Viennensi
1846 1807 1931 1894 apud

308 1916 501 1983 Eolrlrelinm
524 1919 618 2004 (vida
639 1915 703 1984 litt.
726 1917 786 2000 F.)
820 1915 931 1982 littera
948 1918 1089 1984 seeundo
1118 1919 1237 1982 oaudae
1265 1916 1420 1982 brevitate
1444 1931 1509 1982 tam
1530 1919 1701 1984 manifesto
1726 1923 1932 2007 distinguitur

309 2034 463 2108 atentia,
494 2029 689 2117 quae-Mera
712 2045 779 2108 est,
808 2043 841 2094 et
862 2029 964 2096 Sodr‘n
986 2051 1059 2094 ease
1081 2033 1257 2108 evincitur,
1286 2043 1322 2094 ut
1342 2031 1445 2094 errari
1467 2045 1620 2117 nequeat:
1652 2049 1684 2096 at
1704 2035 1819 2098 eodem
1836 2035 1931 2098 modo

308 2147 341 2208 in
358 2143 546 2208 *Haunieosi
568 2143 716 2230 exemplo
738 2143 802 2230 legi
825 2145 1070 2230 spoponderim,
1102 2143 1178 2208 lieet
1200 2141 1418 2229 Lindbergiua
1441 2143 1527 2228 (tab.
1550 2149 1582 2224 5,
1605 2167 1657 2211 no.
1681 2147 1743 2232 41)
1765 2159 1931 2233 utramque

308 2253 448 2321 litteram
469 2277 573 2344 paene
595 2259 729 2322 eandem
750 2255 858 2320 faeiat.
901 2256 1090 2342 Legeudurn
1113 2259 1211 2344 igitur

655 2401 797 2530 nupia
817 2433 823 2478 i
845 2429 905 2503 Ui
955 2487 964 2498 .
1252 2423 1374 2510 rapot
1395 2410 1578 2486 Herculia

310 2597 331 2658 i.
353 2617 382 2658 e.
417 2595 666 2680 promontorium
697 2592 859 2659 Herculia.
918 2611 969 2664 vn
999 2613 1059 2679 pro
1086 2613 1162 2662 utun
1190 2597 1312 2680 (aih)
1350 2597 1422 2660 ride
1450 2595 1543 2660 Sard-
1564 2604 1603 2674 4,
1641 2598 1725 2682 apud
1754 2596 1933 2663 Phoenices

310 2721 416 2788 antona
449 2715 550 2793 eaput
580 2706 769 2772 translatum
799 2727 870 2771 esse
900 2707 940 2771 ad
968 2713 1226 2793 promuntorium
1254 2723 1286 2772 et
1313 2707 1425 2773 erdem
1453 2715 1651 2774 maritimos·
1678 2715 1715 2774 tu
1743 2713 1813 2774 ῑααα
1842 2711 1932 2775 eddto

310 2827 423 2899 aidan,
455 2833 614 2886 tentantur
645 2843 729 2884 nom.
758 2843 805 2906 pr.
831 2807 952 2884 Punica
980 2820 1109 2884 urbium
1130 2823 1364 2885 maritimarum
1387 2823 1558 2888 Rusaddir
1579 2839 1663 2894 nante
1686 2841 1782 2902 utun,
1812 2823 1933 2888 Reice

311 2953 415 3012 nouo,
450 2919 604 3012 aruba,
638 2931 838 3038 Iiueicr'dbur
859 2930 902 2997 al.
942 2933 1035 3018 (vide
1056 2930 1114 2998 lib.
1137 2931 1199 3013 IV,
1229 2938 1343 3020 eapti
1373 2933 1426 2998 hia
1447 2933 1530 3021 vu).
1579 2933 1617 2999 ln
1640 2939 1769 3001 nomine
1790 2934 1933 3017 Μάκαρα

310 3061 416 3112 autem
443 3045 538 3111 laoile
566 3067 724 3132 agnoscar
753 3047 923 3112 Punicam.
939 3045 1093 3113 Herculia
1119 3061 1237 3112 nomen
1270 3065 1361 3134 apat:
1393 3047 1533 3126 Maon,
1563 3027 1702 3129 Mereor,
1736 3060 1934 3112 eomraetnm
1989 3040 1991 3050 ’

312 3179 353 3224 ax
379 3161 516 3250 naphta,
551 3159 591 3222 de
620 3179 684 3245 quo
714 3159 788 3224 vida
816 3157 960 3244 Tripa,
987 3167 1023 3240 1,
1053 3173 1085 3224 et
1111 3159 1170 3225 lib.
1193 3159 1243 3224 lV
1265 3183 1333 3248 cap.
1356 3169 1376 3227 2
1398 3183 1424 3227 a.
1448 3183 1500 3226 vr,
1524 3163 1636 3248 opita,
1659 3165 1796 3249 naphta,
1826 3177 1932 3249 epau,

313 3289 394 3360 upa.
440 3272 594 3348 Eiusdem
614 3271 747 3357 originis
763 3285 812 3336 ast
826 3274 981 3358 Μακαρία
995 3273 1155 3338 mortu
1179 3272 1281 3360 (Plio.
1299 3274 1419 3361 Ptol),
1442 3273 1519 3340 orba
1530 3272 1634 3361 Cypri
1652 3275 1767 3340 etfilia
1781 3272 1935 3340 Herenlis

311 3386 507 3470 (Pansam),
542 3383 680 3448 fortasse
706 3385 803 3448 etiam
836 3387 1002 3469 Μακαρῶν
1023 3391 1112 3469 νῆσοι
1134 3387 1166 3450 ia
1190 3385 1300 3452 Africa
1321 3387 1446 3456 Herod.
1466 3393 1499 3467 3,
1521 3394 1563 3453 26
1581 3391 1712 3475 proprie
1733 3401 1827 3452 erant
1848 3387 1935 3452 Her·

313 3499 395 3564 retur
415 3499 528 3590 (epm
553 3495 620 3581 utt)
643 3517 706 3561 uon
728 3495 895 3562 deotm-
917 3499 1057 3564 mulae.

440 3697 611 3781 Superest,
651 3707 686 3758 ut
717 3716 776 3759 sex
807 3693 1026 3782 exemplorum
1049 3707 1230 3760 nostrorum
1256 3694 1407 3781 (A-F)
1429 3699 1586 3762 rationem
1608 3695 1789 3762 reddaroua.
1835 3695 1936 3772 Quiu-

311 3831 374 3898 qoe
402 3811 511 3896 priora
540 3805 698 3892 (A=ss)
730 3829 772 3872 ex
801 3812 907 3874 onmis
926 3807 1035 3874 Musei
1058 3805 1235 3874 Britannitti
1258 3809 1402 3872 desumto
1424 3823 1517 3900 sunt,
1547 3809 1602 3874 ubi
1624 3811 1719 3874 etiam
1743 3823 1854 3874 sextas
1876 3819 1935 3886 eet,

312 3927 342 3987 ia
370 3938 475 3988 tamen
506 3943 569 3986 non
599 3919 680 3984 bene
704 3937 920 3988 conservatus.
963 3919 1001 3986 lu
1017 3927 1128 4007 prino
1150 3922 1345 3988 ermundo
1367 3922 1539 3987 manifesto
1557 3919 1696 4008 legitur:

1023 4078 1148 4163 nupia
1163 4095 1215 4146 un

428 4227 593 4293 Intentio
616 4223 684 4313 (C)
706 4228 808 4310 prima
831 4213 871 4290 et'
885 4241 1029 4293 extrema
1051 4227 1158 4294 littera
1175 4230 1290 4294 desunt
1311 4243 1343 4292 et
1355 4226 1473 4315 legitur
1489 4231 1578 4326 *rpite
1597 4247 1667 4307 mre,
1690 4229 1774 4315 quod
1790 4225 1938 4314 supplen-
2037 4321 2044 4334 ·

316 4345 389 4408 dum
421 4355 485 4406 est:
520 4341 663 4426 (nhp'att
688 4340 801 4422 unffi),
837 4342 882 4403 ita
910 4355 944 4404 ut
973 4343 1007 4404 in
1039 4341 1100 4406 huo
1130 4361 1205 4413 utun
1230 4339 1354 4427 plenius
1377 4344 1527 4426 seriptum
1548 4339 1717 4406 habeatur.
1763 4341 1802 4405 ln
1826 4353 1938 4426 quarto

314 4453 385 4540 (D)
415 4457 518 4542 prima
544 4451 654 4518 littera
681 4449 736 4540 uel
775 4451 844 4517 Vua
874 4467 923 4516 est
952 4451 1004 4516 vel
1031 4455 1139 4520 Rercl
1165 4455 1398 4540 imperfectius.
1450 4453 1486 4519 Si
1515 4453 1591 4518 Vav
1623 4467 1688 4532 est,
1725 4451 1937 4540 supplendum

316 4572 430 4656 nupia
455 4569 568 4651 aab),
606 4566 648 4630 ef.
682 4574 746 4634 tuin
781 4562 877 4628 Deut.
901 4573 952 4643 32,
974 4571 1017 4630 32
1045 4569 1151 4653 (quod
1183 4583 1288 4631 tamen
1320 4566 1365 4631 ibi
1388 4567 1427 4630 de
1447 4588 1617 4653 papavere
1638 4568 1774 4642 dietum,
1802 4586 1833 4630 v.
1855 4563 1938 4627 Lex.

315 4697 400 4747 man.
430 4703 460 4768 p,
482 4683 575 4764 916).
624 4677 798 4765 lupuleto
822 4677 888 4764 (E)
916 4681 1018 4764 prima
1046 4677 1153 4743 littere
1181 4683 1298 4743 iterum
1325 4679 1437 4764 Alepd
1459 4701 1530 4745 esse
1554 4680 1678 4743 videtur
1708 4675 1938 4764 (supplendum

318 4791 428 4951 ἤ),
466 4832 549 4921 quod
573 4833 778 4897 iudicandum
795 4845 866 4907 est,
897 4835 986 4894 utin
1010 4829 1069 4896 litt.
1090 4831 1125 4896 C.
1170 4829 1275 4896 Valde
1302 4831 1510 4896 memorabile
1527 4847 1632 4915 autem
1647 4844 1680 4894 et
1697 4833 1730 4894 iu
1747 4851 1805 4895 ano
1820 4849 1939 4915 genere

317 4981 444 5043 unicum
473 4989 522 5040 est
550 4973 730 5060 exemplum
758 4972 817 5038 litt.
839 4971 867 5036 1²
896 4973 959 5058 (ex
982 4971 1131 5037 Eolrlrelii
1151 4969 1235 5036 libro
1257 4969 1344 5036 laod.
1374 4973 1439 5037 tab.
1463 4980 1482 5037 2
1506 4995 1557 5060 no,
1582 4977 1664 5052 14),
1702 4975 1792 5036 euius
1813 4969 1939 5034 litterae

317 5093 430 5175 partim
469 5109 585 5175 graeco
622 5109 710 5152 more
747 5109 767 5151 a
799 5089 930 5152 sinistra
964 5087 1005 5150 ad
1034 5088 1178 5151 dextram
1210 5099 1359 5163 currunt,
1396 5087 1512 5170 partim
1543 5088 1690 5150 inversae
1720 5097 1812 5162 suut,
1850 5104 1940 5148 more
2033 5139 2037 5147 .

316 5200 493 5266 litterarum
521 5201 727 5279 Graecarum.
784 5199 834 5265 De
869 5199 932 5264 hoo
963 5199 1157 5265 Phoeuioiae
1190 5201 1368 5285 aoripterae
1403 5200 1628 5284 graecissantia
1657 5199 1830 5285 specimine
1866 5197 1940 5261 ride

317 5313 413 5380 lib.1
446 5317 475 5393 §-
496 5321 549 5380 41.
