4906 6300
406 629 408 634 ·
455 621 789 694 rusonnnouns
809 593 1132 698 Ansamenses.
1175 631 1234 722 vr.
1255 631 1552 701 summensis
1571 634 1790 752 secunus.
1858 643 1929 718 ιιι

313 815 510 880 ratissimum
532 817 696 904 utriusque
718 811 802 880 tituli
821 827 967 902 ectypum
988 818 1121 885 Parisiis
1143 842 1163 886 s
1183 842 1219 886 ue
1240 821 1358 888 fectum
1381 826 1487 904 misit,
1513 825 1596 912 quud
1618 824 1683 894 tab.
1698 831 1719 892 9
1734 823 1925 892 delineanda

311 928 430 992 imitati
450 948 578 1008 sumus,
601 927 666 994 tab.
687 940 794 994 autem
818 933 858 992 10
878 933 976 997 tutius
995 936 1195 1000 monumenti
1214 934 1488 1004 adumbrationem
1510 937 1700 1005 exhibemus
1721 939 1762 1004 ab
1777 937 1926 1004 Hoblen-

311 1037 424 1126 bergio
443 1039 571 1106 factum.

437 1158 470 1218 2.
511 1149 730 1218 Akerbledius
750 1155 858 1220 miuus
878 1168 1041 1236 accuratu,
1068 1171 1103 1223 ut
1123 1160 1282 1239 diximus,
1312 1125 1459 1246 eximpla
1475 1177 1613 1244 secutus,
1635 1165 1735 1232 verba
1749 1163 1925 1231 Phoenicia

309 1266 357 1328 ita
379 1263 457 1352 legit
477 1280 510 1330 et
529 1263 706 1332 transtulit:

957 1372 1127 1426 suu-rreum
1149 1373 1184 1450 ιι
1207 1358 1336 1426 urnrrb

845 1483 928 1535 ’nnn
952 1485 1055 1540 isurun
1079 1487 1115 1557 (2
1136 1487 1281 1538 utemur
1302 1487 1337 1559 Ρ

480 1589 550 1658 Ren
572 1589 744 1659 Chodscbo
766 1589 985 1684 (Numerio),
1016 1599 1086 1666 filio
1109 1598 1405 1667 Abd-Mindebetb
1427 1601 1476 1687 (q.
1500 1603 1530 1667 d.
1553 1599 1696 1688 Liberii)

479 1702 540 1770 filii
560 1703 822 1772 Abdsobemesob
845 1709 1077 1798 (Heliodori),
1114 1711 1176 1780 lilii
1197 1711 1364 1800 Tognizza
1387 1712 1581 1800 (Stephani)
1612 1713 1749 1783 eCitio.

308 1833 462 1904 Nostrum
484 1833 649 1923 exemplar
666 1836 752 1903 baud
774 1851 961 1906 cunctanter
981 1843 1027 1908 ita
1048 1842 1238 1932 legendum:

885 1965 1110 2092 nrpbumr
1143 1992 1188 2094 ιι
1219 1966 1386 2069 urum)

638 2201 646 2210 ,
721 2129 795 2204 sm
823 2131 885 2204 titt
917 2132 1019 2244 (ili)
1050 2138 1095 2238 (2
1125 2133 1306 2206 &filim
1343 2139 1388 2234 (2

381 2253 686 2330 uon-onomate
712 2257 965 2354 (Numenio),
986 2261 1079 2354 filio
1106 2261 1367 2336 Abdmiicortt'
1388 2261 1625 2360 (Heraclii),

372 2383 460 2482 fils't'
479 2384 773 2461 Addscbemaclr
796 2387 1055 2490 (Heliodori),
1071 2391 1160 2488 fils's'
1178 2392 1370 2490 Taggc'nez
1390 2390 1629 2489 (Stephani),
1655 2392 1739 2466 osfrn
1756 2391 1916 2466 Citiense·

306 2532 347 2596 ad
371 2551 451 2616 quae
472 2529 552 2595 baec
574 2532 856 2598 animadvertenda
880 2536 1045 2628 uidentur:

432 2660 581 2743 ιιι-111155)
612 2676 721 2732 trinta
749 2683 798 2747 pr.
827 2659 914 2728 filius
940 2636 1098 2730 novilunii
1129 2666 1152 2730 i.
1175 2670 1203 2730 e.
1226 2654 1392 2728 novilunio
1414 2677 1525 2742 uetus,
1556 2678 1592 2728 ut
1613 2663 1772 2732 Elulueus
1794 2668 1921 2764 (tbtbtg)

305 2778 327 2839 i.
344 2794 373 2837 e.
389 2793 497 2840 mense
512 2769 589 2838 Elui
608 2785 719 2853 natus,
740 2773 916 2840 Puscbuls‘s
936 2775 1090 2862 (Pascal)
1111 2775 1268 2842 Pascbate
1291 2788 1404 2854 natus,
1434 2779 1521 2872 ιιιιιιζ
1543 2775 1685 2841 Sabbuto
1706 2791 1819 2858 uetus,
1841 2777 1918 2865 gell.

305 2884 396 2953 Nori
414 2883 476 2962 al.,
507 2905 554 2970 gr.
577 2885 772 2967 Νουμήνιος,
801 2908 916 2952 ιιοιιιιιιι
939 2893 1018 2954 satis
1040 2887 1192 2976 vulgare,
1221 2891 1318 2952 etiam
1339 2889 1424 2974 apud
1445 2885 1586 2952 ludaeos
1607 2890 1756 2954 usitatum
1781 2899 1797 2954 1
1815 2889 1917 2957 Maec.

307 3002 426 3078 12,16.
448 3002 500 3075 14,
515 3003 566 3060 22.
589 3002 708 3075 15,15.
752 2997 967 3065 Praemittitur
989 3003 1171 3080 nominib,
1202 3015 1238 3066 ut
1258 3021 1353 3087 saepe
1374 3003 1409 3064 in
1431 2997 1482 3064 bis
1504 3002 1604 3084 cippis
1631 2998 1715 3088 (Cit.
1738 3007 1769 3071 5.
1792 3007 1843 3074 16.
1866 3009 1916 3069 17.

305 3112 387 3196 21),
415 3108 472 3174 ubi
493 3107 611 3173 Graeci
631 3111 827 3174 nominativo
849 3123 997 3192 utuntur,
1030 3134 1093 3198 qua
1105 3115 1138 3179 i'n
1152 3135 1188 3178 re
1202 3111 1335 3184 beurere
1349 3133 1413 3178 non
1429 3111 1567 3176 debebat
1581 3111 1661 3177 silv.
1676 3115 1716 3179 de
1731 3115 1814 3199 Sacy
1830 3113 1852 3178 l.
1865 3137 1893 3180 c.

431 3224 610 3306 aureuma
630 3223 687 3312 ιι)
709 3221 870 3304 Vitiosum
893 3221 1085 3290 Akerbledii
1105 3229 1292 3312 scripturam
1314 3239 1348 3290 et
1362 3246 1457 3313 quum
1470 3226 1546 3290 inde
1559 3223 1734 3314 exsculpsit
1745 3225 1917 3294 lectionem
1975 3232 1977 3241 '

305 3335 532 3425 (namnum),
554 3357 617 3400 noo
641 3357 759 3401 moror.
803 3331 895 3412 Quae
917 3355 992 3400 vura
1014 3335 1169 3424 inlepide
1184 3350 1385 3424 comparent,
1409 3339 1525 3402 caiam
1540 3349 1636 3402 antea
1649 3337 1720 3404 sola
1734 3343 1917 3407 coniectura

304 3463 469 3518 assecutus
490 3447 595 3514 inerat
614 3446 673 3514 cel.
702 3447 791 3514 Weu
812 3449 845 3512 in
869 3448 946 3512 diss.
969 3449 1009 3514 de
1031 3450 1100 3513 loco
1122 3449 1349 3516 mathematico
1370 3449 1526 3518 Musonio
1543 3451 1649 3518 Halae
1672 3457 1766 3535 1825,
1788 3452 1869 3519 thes.
1885 3459 1914 3520 5.

302 3565 393 3632 idem
415 3581 549 3640 nomen,
580 3561 787 3650 perfrequens
809 3562 843 3626 in
865 3559 1143 3646 inscriptionibus,
1171 3565 1367 3626 restituimus
1388 3565 1422 3627 in
1437 3566 1533 3630 inscr.
1555 3564 1676 3632 Humb.
1696 3571 1725 3631 1.
1739 3571 1771 3630 3.

432 3691 573 3744 cucuso
602 3675 660 3764 (a)
690 3673 740 3740 En
770 3675 886 3738 iturum
915 3671 1146 3752 Heliodorum,
1185 3688 1217 3738 et
1246 3677 1355 3739 nescio
1390 3696 1431 3740 au
1460 3676 1597 3742 eundem
1626 3681 1679 3763 qui
1705 3680 1915 3766 inscriptione

300 3789 513 3882 praecedente
537 3801 730 3854 memoratus
751 3801 810 3852 est.
854 3784 929 3852 Duo
952 3787 1037 3850 enim
1058 3787 1142 3871 cippi
1172 3786 1234 3851 sibi
1258 3784 1414 3854 simillimi
1434 3808 1532 3884 quum
1552 3791 1586 3852 in
1608 3791 1722 3854 eodem
1742 3790 1811 3856 fere
1833 3789 1915 3874 loco,

302 3911 356 3971 vie
377 3904 417 3968 ed
438 3901 642 3967 Academiam
667 3902 820 3980 docente,
850 3901 967 3986 reperti
989 3899 1072 3976 siut,
1095 3895 1192 3962 facile
1209 3896 1363 3986 colligas,
1385 3902 1472 3965 viros
1489 3900 1549 3966 sub
1562 3904 1603 3966 iis
1617 3899 1758 3986 sepultos
1771 3903 1915 3968 eiusdem

300 4015 444 4085 familiae
465 4014 581 4093 iuuisse,
610 4035 690 4101 quae
713 4027 784 4079 ortu
808 4011 940 4078 Sidonia
961 4013 1188 4076 commercium
1210 4013 1293 4076 inter
1315 4011 1526 4094 Phoenicem,
1556 4011 1694 4100 Cyprum
1717 4029 1750 4081 et
1769 4013 1915 4082 Athenas

301 4127 489 4206 exercebat,
518 4129 669 4214 cuiusque
691 4125 752 4192 hoc
771 4139 906 4191 stemma
927 4147 969 4190 ex
992 4123 1117 4190 duobus
1138 4122 1238 4190 titulis
1257 4129 1375 4190 nostris
1397 4127 1513 4191 oritur:
1719 4133 1724 4140 '

1040 4267 1098 4338 Τις
1117 4265 1179 4320 'nez

968 4470 1220 4526 Abd-Scbemesch
1239 4471 1441 4556 (Heliodorus)

932 4547 1438 4912 Α

833 4937 988 4994 Abdmiloar
1369 4941 1507 4991 Abdtonitb
1525 4937 1734 5008 (Artemidorus)

1573 5024 1699 5078 Sidonius

815 5147 991 5200 Bmcbodescb
1010 5163 1031 5198 s·
1182 5209 1184 5214 A

776 5233 910 5285 Numenius
928 5229 1053 5287 Citiensis

296 5335 378 5400 Erat
398 5335 496 5420 igitur
517 5331 738 5396 Artemidorus
761 5325 913 5394 Numenii
934 5341 1074 5414 patruus.
