4924 6304
536 631 679 702 INSCR.
693 633 1078 706 runtco-Nuuttbtc.
1099 641 1189 708 LVI.
1204 641 1490 713 THUGGENSIS
1504 647 1739 718 BILlNGUlS.
1881 661 1950 736 195

461 823 578 888 Lim?
609 836 753 888 extremo
781 825 880 895 verno
908 845 964 896 mu
994 831 1115 914 (paler
1143 833 1253 912 mette)
1278 823 1471 919 respondeat
1492 839 1553 901 tria
1574 841 1683 923 sigua:
1733 845 1759 946 Z
1798 854 1845 935 ’Θ
1887 855 1951 938 Θ,

334 967 417 1032 qnae
438 948 548 1008 nescio
570 965 610 1012 an
633 960 697 1010 rute
717 954 819 1030 puter
839 969 927 1012 meus
947 947 1084 1035 legenda
1107 951 1179 1013 sint.
1229 950 1280 1015 De
1301 958 1395 1040 signo
1418 959 1544 1042 quidem
1569 969 1603 1040 Θ
1626 959 1754 1024 aliunde
1778 978 1864 1026 certe
1886 985 1950 1030 non

335 1071 476 1122 cunstat:
497 1059 554 1122 sed
568 1056 684 1122 similis
700 1073 749 1124 est
766 1058 870 1124 Tbelo
884 1059 989 1124 littera
1002 1061 1196 1125 Phoenicum
1213 1079 1245 1128 et
1262 1065 1474 1143 Graecormu;
1497 1089 1561 1135 rute
1578 1088 1683 1136 arttcm
1704 1077 1950 1158 comparandum

333 1171 459 1234 videtur
479 1191 551 1234 eum
572 1173 747 1278 tritissima¹
762 1171 818 1236 illo
841 1175 1121 1259 onomatopoetioo
1156 1177 1252 1240 Τι’ττα
1280 1177 1339 1261 (ΙΙ.
1362 1189 1393 1258 4,
1414 1187 1498 1265 412)
1521 1199 1552 1247 et
1579 1184 1681 1263 Tuta,
1712 1209 1774 1270 quo
1792 1197 1895 1271 puter
1917 1194 1951 1254 in

334 1279 443 1346 multis
465 1279 586 1369 linguis
608 1286 806 1369 exprimitur.
848 1285 956 1352 Varro
977 1309 1027 1371 ap.
1046 1283 1130 1352 Nou.
1145 1293 1174 1366 2,
1189 1294 1247 1353 97:
1272 1289 1377 1366 Quum
1488 1312 1603 1360 vocent
1624 1312 1757 1362 matrem
1771 1321 1952 1383 mammam,

333 1409 454 1480 patrem
477 1405 592 1461 tatum.
639 1395 768 1461 Gruteri
789 1400 886 1464 inser.
908 1421 941 1484 p.
956 1405 1018 1464 662
1035 1421 1086 1462 no.
1104 1404 1138 1463 6:
1163 1398 1318 1486 Elpidius
1331 1405 1521 1491 Pamphilus
1537 1409 1675 1480 Pluton-i
1687 1420 1780 1476 tntae
1795 1435 1853 1478 etto
1871 1414 1952 1482 bene

332 1516 473 1572 mereata·
488 1509 600 1588 fecii,
636 1508 774 1574 Martial.
804 1513 903 1597 epigr.
936 1519 973 1590 t,
1004 1517 1061 1577 tot
1093 1507 1126 1573 et
1147 1516 1294 1598 saepius.
1346 1515 1441 1580 Certe
1464 1521 1497 1582 in
1520 1518 1655 1598 litteris,
1693 1547 1824 1608 quarum
1845 1525 1951 1614 figura

329 1617 451 1703 Libyca
481 1623 574 1686 nobis
599 1625 709 1708 ignota
738 1637 788 1686 est
818 1633 886 1708 (n,
911 1641 953 1702 ³,
979 1643 1015 1704 -ι,
1039 1645 1070 1705 ι,
1097 1643 1136 1702 a,
1160 1631 1223 1708 st),
1254 1624 1341 1691 nulla
1370 1645 1437 1706 est,
1465 1654 1558 1717 quam
1590 1637 1693 1718 aptius
1721 1636 1886 1702 adhibeas.
1909 1681 1948 1692 -

329 1731 421 1826 Haec
443 1735 505 1798 duo
527 1737 618 1821 signa
638 1737 670 1798 in
695 1733 886 1820 'l'enrpliano
908 1753 940 1802 et
960 1735 1133 1824 Borgiauis
1156 1743 1318 1825 praecedit
1338 1756 1409 1819 z,
1439 1746 1472 1806 in
1497 1741 1677 1810 Oxuaieusi
1700 1747 1824 1832 plenius
1845 1770 1898 1825 τ,
1915 1789 1947 1834 ι,

329 1849 414 1933 quod
433 1847 546 1926 filiunt
568 1846 751 1934 significare
773 1849 931 1930 vidimus,
966 1865 997 1914 et
1019 1850 1051 1916 b.
1071 1849 1093 1918 l.
1121 1855 1294 1938 respondet
1323 1858 1439 1939 punico
1459 1873 1507 1940 qs.
1551 1855 1642 1932 Quae
1665 1863 1729 1923 iam
1752 1878 1946 1949 sequuntur:

329 1977 465 2028 *euna
488 1976 567 2026 ==
600 1962 794 2046 respondent
824 1965 947 2047 punicis
980 1980 1067 2032 aba:
1091 1980 1150 2032 ra:
1180 1981 1212 2030 et
1241 1965 1376 2052 amplius
1410 1967 1563 2054 explicari
1589 1991 1651 2034 nou
1674 1989 1818 2056 possunt.
1862 1977 1947 2044 Dein

326 2095 387 2160 pro
406 2076 489 2145 ’sena
511 2077 544 2138 in
566 2075 699 2156 Libycis
721 2088 769 2138 est
791 2093 876 2156 sun,
907 2077 988 2162 quod
1003 2079 1106 2161 ipsum
1122 2077 1312 2143 vocabulum
1330 2076 1483 2143 Punicum
1503 2082 1647 2161 videtur,
1666 2084 1722 2148 sed
1738 2072 1946 2156 decurtatum.

326 2187 390 2252 Pro
417 2187 548 2274 reliquis
571 2207 616 2259 're
639 2203 686 2256 aar
709 2201 752 2273 ἰο
774 2190 809 2257 bt
833 2191 866 2253 in
898 2187 1030 2272 Libycis
1056 2197 1194 2275 primurn
1223 2193 1335 2256 eadem
1364 2207 1512 2279 quattuor
1538 2197 1631 2279 signa
1659 2197 1759 2262 luisse
1787 2202 1945 2284 videntur,

325 2321 409 2387 quae
437 2299 493 2366 lin.
518 2308 540 2366 6
568 2303 639 2364 init.
669 2306 772 2364 cirum
802 2300 971 2381 notabant,
1012 2303 1089 2366 dein
1119 2307 1214 2368 trium
1245 2303 1422 2370 litterarum
1452 2305 1661 2387 vocabulum,
1700 2313 1782 2395 quod
1809 2313 1946 2382 sortasse

319 2433 441 2499 purum
462 2413 611 2492 notabat,
637 2415 794 2497 incipiens
815 2435 834 2476 a
855 2441 924 2492 -,
953 2415 1036 2502 quod
1058 2418 1091 2478 iu
1115 2419 1310 2502 aegyptiacis
1334 2417 1413 2482 Nun
1436 2433 1494 2482 est.
1539 2418 1698 2486 Urtius
1722 2427 1871 2504 ineunte,
1900 2434 1946 2495 ita

326 2541 359 2590 et
382 2526 413 2592 b.
429 2525 467 2606 1.,
494 2547 575 2614 quae
598 2525 746 2611 longiore
761 2529 908 2592 oratione
923 2532 1163 2615 circumscripta
1178 2543 1269 2594 eraut
1281 2531 1314 2594 in
1329 2529 1478 2610 Punicis,
1509 2535 1620 2616 paucis
1638 2535 1739 2618 iisque
1759 2537 1943 2624 vulgaribus

325 2639 431 2705 verbis
453 2661 607 2726 expressa
627 2642 776 2706 videatur
797 2645 830 2706 in
853 2642 996 2725 Libycis.
1687 2659 1694 2672 ‘

453 2785 516 2850 His
545 2789 591 2850 ita
620 2788 806 2874 disputatis,
845 2791 954 2873 paucis
985 2787 1310 2874 comprehendamus,
1341 2809 1430 2874 ,quae
1465 2791 1540 2856 iude
1570 2795 1609 2856 ad
1640 2794 1781 2884 Libycae
1813 2783 1942 2884 liuguae

322 2901 559 2986 scripturaeque
581 2903 721 2966 rationes
744 2903 983 2988 eognoscendus
1006 2899 1114 2988 colligi
1138 2905 1271 2987 possint.
1315 2903 1360 2969 Ut
1375 2927 1401 2968 a
1420 2912 1586 2992 serapium
1608 2907 1787 2986 ordiamur,
1816 2925 1943 2994 praeter

266 3031 270 3037 ’
324 3014 458 3099 siglam,
488 3035 568 3099 quae
589 3012 692 3078 filium
716 2994 821 3093 notat,
852 3016 1101 3099 quattuordecim
1123 3018 1193 3080 eius
1214 3009 1337 3080 litteras
1362 3016 1486 3098 asael,
1516 3019 1588 3096 He,
1622 3017 1698 3098 ret,
1722 3018 1806 3098 tort,
1840 3023 1942 3108 Cupis,

323 3126 468 3206 Lamud,
496 3126 607 3204 illem,
636 3124 790 3206 Sumecb,
821 3129 910 3206 Aia,
933 3127 1024 3206 Pbe,
1046 3125 1166 3212 Kopt,
1189 3127 1315 3208 Rercd,
1338 3115 1458 3211 Scitin,
1486 3130 1585 3209 Tun,
1605 3153 1736 3217 quarum
1759 3134 1942 3217 nonnullae,

323 3253 359 3302 ut
383 3237 490 3325 Cupit,
517 3238 627 3326 plures
653 3239 774 3325 figuras
796 3239 915 3310 babere
939 3241 1089 3304 videntur
1111 3241 1204 3326 (vide
1226 3239 1290 3307 tab.
1311 3245 1394 3322 20),
1425 3241 1633 3328 probabiliter
1655 3249 1791 3310 assecuti
1813 3269 1939 3317 samus:

324 3365 493 3438 supersunt
514 3352 582 3416 lere
605 3366 696 3430 octo,
729 3375 862 3439 quarum
884 3366 1026 3437 potestas
1048 3351 1145 3416 dubia
1166 3367 1217 3417 est

528 3499 702 3584 -tnu,
743 3521 820 3602 ÷
877 3513 936 3594 Ξ
996 3523 1048 3590 r·t
1103 3513 1130 3595 tt
1189 3512 1280 3590 stt
1331 3514 1426 3588 stu
1480 3512 1532 3596 t·t
1572 3499 1716 3586 (Chat)

321 3664 406 3730 unde
434 3669 561 3748 uiginti
584 3663 652 3728 iere
681 3665 817 3728 duarum
846 3661 1023 3728 litterarum
1051 3657 1259 3747 alphabetum
1286 3658 1387 3724 fuisse
1417 3660 1561 3748 colligas.
1611 3665 1805 3732 Litterarum
1835 3671 1940 3738 forma
2046 3709 2050 3719 ·

320 3775 557 3860 simplicissima
587 3791 653 3860 est,
690 3792 783 3864 atque
810 3778 843 3841 id
866 3778 971 3861 egisse
1000 3773 1147 3838 videntur
1169 3771 1264 3837 buius
1287 3774 1463 3856 scripturae
1484 3791 1650 3856 auctores,
1681 3793 1715 3842 ut
1735 3784 1938 3864 paucissimis

318 3891 425 3974 iisque
457 3882 551 3954 rectis
580 3887 675 3953 lineis
703 3892 791 3955 varie
823 3887 985 3952 inclinatis
1006 3885 1132 3951 litterae
1154 3886 1418 3976 exprimerentur.
1463 3885 1645 3954 Observato
1667 3903 1773 3956 autem
1795 3895 1938 3982 dignum,

315 3999 445 4065 litteras
475 4000 567 4068 uobis
597 4004 743 4088 cognitas
771 3999 939 4088 plerasque
967 4002 1113 4065 duriores
1141 4018 1230 4078 esse,
1263 3997 1445 4064 molliorum
1474 3999 1651 4066 litterarum
1684 4008 1746 4088 (a,
1778 4012 1820 4091 ι)
1852 4023 1939 4074 certa

317 4115 456 4199 vestigia
487 4115 616 4192 deesse,
656 4117 701 4178 ita
728 4129 763 4180 ut
790 4115 868 4193 bae,
904 4116 1026 4200 pariter
1053 4127 1148 4199 utque
1175 4115 1208 4176 in
1232 4111 1375 4178 Etruscis
1403 4127 1436 4178 et
1457 4111 1637 4195 Umbriam,
1675 4121 1780 4183 minus
1802 4124 1939 4188 usitatae

171 4285 176 4293 .
317 4226 418 4291 {uisse
438 4229 616 4316 videantur.
660 4225 711 4290 De
733 4227 858 4312 origiue
880 4227 975 4300 huius
997 4228 1173 4311 scripturae
1194 4241 1382 4310 quaerentes
1398 4229 1539 4291 instituta
1555 4250 1626 4292 cum
1642 4229 1938 4300 variislitteraturis

319 4341 554 4426 comparatione
584 4337 755 4404 nonnullas
784 4339 926 4424 Libycae
954 4342 1130 4426 scripturae
1159 4337 1282 4404 litteras
1309 4342 1488 4426 reperimus
1518 4339 1678 4426 enchoriis
1705 4342 1937 4431 Aegyptiorum

317 4449 434 4518 litteris
456 4451 598 4530 similes,
621 4449 709 4520 velut
725 4451 850 4532 Gs'mel,
872 4450 955 4531 iod,
981 4451 1089 4538 Caph,
1111 4451 1254 4532 Lamud,
1278 4453 1403 4532 Retcb,
1431 4453 1568 4518 fortasse
1584 4452 1664 4519 Nun
1685 4457 1779 4540 (vide
1795 4473 1936 4524 nostram

317 4561 495 4630 litterarum
516 4563 676 4645 tabulam,
705 4579 737 4630 et
757 4565 960 4652 Kosegartea
983 4567 1023 4629 de
1047 4567 1152 4650 prisca
1171 4564 1402 4652 Aegyptiorum
1424 4563 1589 4631 literatura
1606 4589 1677 4653 pag.
1696 4574 1726 4632 8.
1741 4573 1772 4633 9.
1791 4575 1839 4634 tu.
1855 4569 1934 4658 12),

318 4673 398 4740 alias
420 4675 569 4755 Graecis,
600 4676 686 4742 velut
708 4675 846 4742 Sumecb
867 4675 972 4742 simile
994 4676 1106 4763 Sigara
1126 4676 1253 4742 litterae
1272 4676 1486 4757 Graecorum,
1518 4677 1598 4743 alius
1620 4681 1756 4764 denique
1779 4681 1935 4764 Etruscis,

319 4786 419 4853 veluti
455 4789 565 4876 Capi,
603 4791 693 4872 Pte,
729 4789 837 4858 Resclt
873 4789 968 4876 (vide
1004 4788 1068 4854 tab.
1098 4795 1160 4868 20,
1193 4791 1248 4886 2)ι
1290 4789 1449 4855 malumus
1485 4805 1590 4855 tamen
1626 4813 1710 4855 nuno
1742 4793 1869 4879 quideru
1899 4799 1934 4862 ia

317 4901 389 4981 bis,
427 4924 507 4989 quae
544 4903 786 4973 observavimus
823 4905 1025 4990 acquiescere
1063 4915 1096 4966 et
1125 4903 1165 4968 ab
1196 4906 1381 4989 opinionum
1412 4907 1727 4990 coniecturarumque
1756 4910 1934 4974 temeritate

316 5013 500 5096 abstinere,
528 5018 631 5082 donec
653 5021 745 5082 novis
766 5017 903 5081 fortasse
924 5015 1021 5080 huius
1043 5017 1217 5102 scripturae
1232 5019 1445 5081 monumentis
1461 5019 1494 5079 iu
1511 5015 1615 5078 lucem
1630 5020 1799 5100 protractis
1817 5025 1934 5089 certius
1979 5090 1982 5100 ,

316 5129 358 5193 de
382 5149 420 5193 ea
440 5130 574 5194 iudicari
594 5132 721 5216 poterit.
748 5167 791 5178 —
825 5128 991 5215 Linguam
1013 5131 1046 5194 in
1070 5128 1148 5208 bac,
1179 5129 1218 5193 de
1241 5150 1303 5214 qua
1326 5130 1449 5214 agitur,
1477 5129 1696 5213 inscriptionis
1719 5143 1809 5215 parte
1829 5132 1934 5220 Liby.

277 5325 283 5336 ι
308 5239 521 5328 phoeniciam
555 5242 780 5329 appellaverim
812 5257 844 5306 et
879 5244 943 5306 ianr
969 5245 1002 5306 iu
1031 5239 1249 5328 superioribus
1278 5241 1414 5308 subinde
1445 5238 1620 5328 appellavi,
1656 5239 1933 5329 Libyphoenicum
1984 5281 1990 5292 ·

310 5353 624 5446 (Ammoniacus.
648 5355 922 5442 Λιβιφοινίκων),
956 5377 1035 5442 quos
1062 5359 1230 5442 „mixtura
1252 5356 1407 5423 Punicum
1428 5354 1518 5424 Afris
1546 5361 1681 5442 genus“
1708 5370 1801 5422 vocat
1820 5359 1933 5424 Livius

1426 5475 1556 5542 *25*
