4938 6302
799 634 998 706 LlNGUAE
1017 635 1213 704 INDOLES
1237 637 1296 706 ΕΤ
1318 636 1541 708 Htsuoatt.
1906 652 1980 728 339

1139 871 1148 890 .
1188 832 1217 896 5.

362 939 522 1020 Quibus
554 939 897 1040 issegs'ass'has
930 952 971 1010 et
1009 944 1061 1010 cd
1092 829 1198 1032 qlod
1230 963 1357 1030 usquc
1386 953 1549 1032 tempus
1578 954 1772 1033 cs'gtscrs‘t
1801 952 1977 1038 linguae

955 1057 1222 1124 Ploess'cs'ae
1256 1063 1384 1123 assei

486 1189 538 1256 Ad
567 1191 650 1256 banc
677 1193 896 1277 quaestionem
924 1193 957 1255 iu
986 1195 1170 1256 universum
1193 1195 1237 1256 ita
1258 1191 1486 1276 respondeum:
1516 1191 1681 1259 Sermonis
1708 1217 1800 1264 nsum
1821 1203 1976 1286 viguisse,

360 1304 538 1390 ubicunqne
568 1311 754 1390 scripturae
784 1317 991 1369 monumenta
1018 1316 1143 1390 reperta
1170 1307 1235 1369 sint
1262 1305 1312 1390 (§.
1332 1309 1362 1368 6.
1385 1304 1443 1386 bl:
1482 1305 1539 1370 sed
1569 1303 1664 1372 latius
1694 1321 1801 1375 tamen
1822 1317 1976 1398 patuisse,

357 1437 455 1504 quum
476 1415 587 1503 linqua
600 1429 694 1504 atque
710 1416 864 1482 dialectos
877 1416 1073 1481 Phoenicum
1090 1414 1198 1480 multis
1213 1416 1349 1480 leuasse
1364 1415 1482 1482 seculis
1495 1417 1703 1512 antelitteras
1718 1422 1812 1488 abiis
1827 1427 1975 1494 iuventas

359 1529 489 1596 exculte
510 1533 571 1609 sit,
599 1544 631 1594 et
652 1531 705 1594 bic
727 1529 795 1594 illio
816 1531 900 1594 inter
918 1528 1062 1615 plebeios
1085 1543 1117 1594 et
1137 1531 1171 1593 in
1192 1549 1267 1594 rure
1290 1531 1454 1594 etiamtum
1476 1532 1666 1617 perdurasse
1689 1536 1850 1617 videntur,
1878 1561 1974 1626 quum

357 1647 533 1728 scripturae
554 1665 632 1708 usus
654 1646 719 1708 iarn
741 1641 920 1707 exoluisset
941 1643 990 1726 *)ι
1026 1645 1168 1729 viguisse
1190 1645 1287 1728 igitur
1310 1657 1436 1727 praeter
1466 1645 1568 1728 ipsam
1590 1643 1771 1711 Phoenicen
1795 1649 1976 1740 ubicunque

357 1753 536 1820 Phoenices
556 1753 700 1820 colonias
721 1753 929 1834 collocarint,
963 1754 1072 1840 ibique
1093 1756 1300 1840 perdurasse,
1329 1755 1430 1820 donec
1451 1759 1564 1840 primis
1586 1772 1657 1843 post
1677 1756 1754 1824 Chr.
1777 1775 1843 1827 nat.
1858 1764 1975 1832 seculis

356 1867 543 1934 ooalescens
564 1865 695 1954 linguae
718 1867 861 1933 Graecae
880 1881 913 1931 et
932 1867 1068 1932 Latinae
1089 1889 1166 1932 usus
1187 1865 1315 1952 linguas
1332 1865 1485 1932 barbaras
1500 1871 1532 1933 in
1549 1873 1699 1935 universo
1719 1871 1797 1937 orbe
1817 1873 1974 1957 Romano,

357 1985 445 2066 prius
466 1985 500 2046 in
522 1981 655 2047 urbibus
678 1997 710 2045 et
732 1982 814 2068 epud
837 1979 1032 2058 nobiliores,
1062 1977 1224 2066 eliquanto
1247 1991 1319 2063 post
1339 1981 1373 2044 iu
1395 2001 1469 2044 rure
1491 1993 1523 2044 et
1545 1984 1627 2068 apud
1649 1981 1811 2069 plebeios,
1845 2009 1975 2072 prorsus

357 2097 574 2160 summoverit.
628 2091 735 2171 Quum
756 2113 834 2158 vern
857 2097 891 2158 in
912 2097 984 2180 ipse
1005 2091 1202 2157 coloniarum
1225 2089 1471 2158 Phoenicisrum
1493 2093 1627 2160 historia
1649 2095 1748 2162 multa
1770 2100 1891 2164 incerta
1911 2105 1976 2167 siut

357 2222 389 2273 et
416 2209 600 2272 coniecturd
628 2211 852 2272 continuentur
879 2207 944 2294 **),
979 2209 1040 2286 iis,
1072 2225 1153 2291 quae
1181 2207 1245 2270 iam
1272 2204 1369 2270 lib.1
1401 2211 1473 2286 §.6
1507 2208 1547 2272 de
1577 2211 1752 2294 scripturae
1783 2209 1975 2280 Phoenicius

357 2323 573 2386 monumentis
603 2341 778 2406 eorumque
800 2323 902 2406 petria
924 2333 956 2383 et
979 2331 1083 2384 aetate
1106 2321 1353 2404 disputavimus,
1390 2323 1519 2384 nonnisi
1541 2341 1581 2384 ea
1602 2321 1720 2386 addere
1742 2320 1864 2409 placet,
1896 2347 1976 2414 quae

358 2431 409 2496 vel
436 2413 688 2518 certa⁸qnadsm
708 2448 851 2498 veterum
874 2435 1063 2498 auctoritate
1084 2433 1227 2496 nitantur
1249 2429 1302 2496 vel
1323 2453 1364 2497 ex
1388 2435 1553 2497 nominum
1575 2437 1777 2522 propriorum
1807 2435 1915 2514 indole
1943 2453 1976 2503 et

357 2547 481 2632 origine
503 2545 711 2631 probabiliter
738 2543 825 2610 effici
853 2559 995 2631 possunt.

484 2655 529 2722 Ut
556 2657 597 2723 ab
619 2661 690 2744 ipsa
710 2657 877 2722 Phoenice
904 2661 1031 2722 initium
1051 2657 1224 2738 iaciamus,
1259 2661 1295 2722 in
1316 2633 1378 2722 hac
1397 2656 1493 2722 huius
1515 2661 1674 2724 sermonis
1698 2665 1798 2746 patria
1818 2685 1976 2750 perpauca

357 2783 479 2836 tantum
506 2773 576 2836 eins
603 2773 786 2835 testimonia
814 2781 985 2854 supersunt
1012 2766 1092 2855 (lib.
1117 2766 1133 2832 l
1160 2770 1335 2852 l.6,1),
1371 2791 1469 2856 quum
1491 2791 1593 2857 neque
1614 2773 1780 2839 domestici
1802 2780 1974 2863 scriptores

357 2905 460 2970 neque
487 2885 711 2968 inscriptiones
740 2882 781 2946 ad
811 2895 953 2948 nestrum
976 2894 1111 2945 aetatcsn
1135 2883 1349 2966 pervenerint.
1394 2881 1582 2947 Perdurnvit
1601 2904 1679 2948 vero
1702 2900 1734 2950 et
1756 2889 1811 2952 vix
1834 2911 1973 2976 nuquam

355 2983 527 3063 intercidet
555 2993 685 3082 linguae
707 2994 900 3060 Phoenicius
938 2995 1094 3059 memoria
1121 2995 1155 3057 in
1186 2995 1311 3079 scriptis
1340 2991 1584 3074 Hebraeorum,
1623 3019 1758 3083 quorum
1794 3023 1975 3068 sermonem

357 3131 428 3176 cum
449 3109 622 3175 Phoenicio
643 3127 747 3194 paene
768 3129 826 3194 per
848 3110 957 3172 omnia
979 3109 1151 3172 convenire
1173 3107 1328 3172 vidimus:
1363 3109 1432 3172 sive
1454 3109 1598 3173 eiusdem
1625 3113 1734 3196 stirpis
1756 3128 1849 3178 erant
1872 3115 1975 3180 Phoe-

356 3338 463 3422 stirpis
485 3355 585 3422 gens,
619 3332 764 3419 lingnam
785 3333 991 3398 Phoenicium
1013 3334 1099 3420 apud
1120 3345 1246 3396 veteres
1268 3331 1469 3398 Palaestinae
1490 3333 1613 3399 incolas
1633 3339 1781 3402 usitatam
1806 3341 1975 3426 adoptasse

358 3449 509 3515 censendi
538 3459 630 3526 sunt,
668 3467 747 3531 quas
776 3445 902 3534 quidem
931 3448 1073 3530 ipsorum
1103 3441 1327 3509 Hebraeorum
1358 3449 1516 3510 sententie
1543 3447 1644 3513 fuisse
1665 3449 1790 3516 videtur
1816 3451 1917 3538 (Gen.
1941 3461 1973 3534 9,

360 3569 401 3628 22
423 3583 490 3650 sqq.
514 3565 568 3640 10,
591 3565 622 3624 6.
647 3563 685 3624 ts
707 3581 775 3645 sqq.
802 3557 877 3656 cell.
892 3556 952 3641 21)
975 3561 1045 3640 m).
1089 3555 1164 3637 Quo
1185 3569 1329 3642 tempore
1352 3560 1450 3643 prisci
1471 3563 1630 3624 sermonis
1651 3583 1728 3626 usus
1748 3565 1781 3627 in
1807 3563 1977 3630 Phoenicia

358 3674 556 3740 interciderit
574 3660 761 3758 Graecoque
783 3672 933 3748 cesserit,
955 3682 1102 3732 accurate
1124 3666 1251 3734 definiri
1273 3689 1337 3733 nen
1358 3681 1483 3753 potest,
1512 3693 1690 3756 quanquam
1711 3689 1783 3760 post
1798 3673 1975 3741 Alexandri

358 3803 501 3874 tempora
530 3800 562 3850 et
592 3788 721 3872 vigente
751 3781 990 3848 Seleucidarnrn
1020 3795 1162 3867 tempure
1192 3783 1225 3845 id
1254 3783 1373 3846 sensim
1402 3781 1557 3846 accidisse
1579 3783 1693 3848 debet:
1726 3787 1845 3852 diutius
1869 3803 1974 3854 tamen

358 3910 451 3988 quem
484 3899 568 3986 apud
596 3897 765 3962 Hebraeos
794 3907 826 3960 et
850 3917 951 3982 usque
972 3895 1013 3960 ad
1034 3893 1216 3960 Antoninos
1238 3891 1345 3980 aliquo
1367 3893 1462 3956 modo
1484 3914 1557 3958 curn
1578 3899 1754 3980 perstitisse
1776 3919 1873 3984 quum
1896 3899 1976 3966 alius

358 4011 400 4078 cb
430 4033 543 4078 causes
572 4007 726 4078 credibile
747 4023 796 4074 est
824 4006 1068 4094 (Hebraeorum
1089 4009 1174 4072 enirn
1195 4005 1306 4093 lingue
1326 4008 1390 4070 iam
1411 4005 1486 4070 inde
1508 4003 1549 4069 ab
1571 4005 1670 4072 exilio
1697 4007 1738 4075 ab
1760 4010 1976 4078 invalescente

357 4123 519 4190 Aramaeu
546 4126 623 4190 sede
650 4143 709 4188 sua
740 4119 903 4186 deturbari
931 4133 1096 4206 coeperat,
1130 4141 1227 4206 quum
1249 4133 1361 4183 contra
1382 4118 1560 4204 pacatiores
1581 4119 1825 4187 Phoeniciarum
1849 4126 1976 4190 urbium

358 4257 410 4303 res
432 4240 531 4324 prisci
552 4239 710 4302 sermonis
731 4237 804 4300 usui
825 4233 1011 4316 faverent),
1033 4247 1101 4297 tum
1123 4235 1212 4297 numi
1234 4233 1406 4322 ostendunt
1426 4252 1527 4317 usque
1551 4234 1591 4296 ad
1605 4231 1662 4310 ille
1678 4247 1822 4322 tempore
1840 4237 1977 4303 Pboeni-

360 4352 409 4414 cia
436 4347 549 4436 lingua
568 4347 747 4435 litterisque
778 4345 963 4410 Phoeniciis
984 4347 1128 4431 inscripti
1164 4342 1246 4425 (lib.
1274 4343 1340 4419 111,
1373 4366 1426 4408 no.
1446 4341 1472 4410 l.
1494 4341 1556 4428 ll).
1619 4346 1671 4411 Ex
1704 4347 1825 4416 Cilicia
1851 4365 1976 4436 praeter

287 4538 291 4542 .
361 4483 474 4528 numos
496 4459 605 4547 (lihl
625 4465 653 4540 l.
671 4466 710 4539 6,
727 4466 755 4524 2.
778 4457 836 4523 lib.
858 4457 904 4522 lll
919 4479 987 4543 cap.
1010 4457 1049 4546 2)
1079 4477 1196 4542 eosque
1218 4456 1258 4520 ad
1282 4456 1443 4522 Persicam
1465 4471 1601 4524 aetatem
1626 4465 1819 4546 pertinentes
1840 4466 1978 4527 certiore
2010 4525 2020 4543 ⁴

362 4587 424 4640 tum
447 4573 646 4640 coloniarum
660 4573 905 4639 Phoeniciarum
921 4583 988 4636 tum
1000 4570 1159 4634 sermonis
1173 4571 1310 4656 vestigia
1324 4571 1439 4635 desunt
1453 4573 1502 4656 ll:
1527 4586 1649 4661 mature
1664 4577 1761 4660 igitur
1777 4577 1976 4642 intercidisse

414 4798 442 4865 ⁸)
476 4797 549 4852 vide
571 4811 641 4866 quse
669 4793 740 4846 inlrs
764 4791 799 4844 de
827 4787 944 4844 Puniceo
973 4787 1095 4860 liuguae.
1106 4788 1134 4840 in
1204 4797 1314 4857 emmor
1337 4785 1512 4842 Phoenicium
1537 4790 1688 4846 referendis
1711 4794 1820 4846 nimium
1841 4794 1926 4850 luisse
1950 4805 1976 4850 et

364 4894 456 4950 dirius
474 4911 526 4948 usn
543 4891 656 4946 diceudo
676 4896 748 4942 snut.
1202 4883 1313 4957 ingenio
1330 4899 1380 4937 suo
1401 4884 1461 4952 plns
1479 4901 1566 4953 aequo
1586 4887 1728 4944 indulsisse
1745 4890 1809 4944 sotis
1829 4899 1942 4946 constat.

412 4990 452 5060 “l
477 4991 548 5048 Prae
573 4987 670 5044 ueteris
696 4993 774 5040 ceute
799 4991 827 5038 et
851 4997 908 5036 non
934 4979 992 5034 sine
1021 4978 1135 5034 circum·
1257 4975 1317 5046 m)
1335 4978 1379 5032 ct.
1395 4978 1456 5034 hist.
1474 4979 1558 5054 liugu.
1577 4985 1652 5038 hebr.
1670 4985 1697 5054 §.
1715 4991 1741 5041 7.
1784 4981 1794 4998 '

364 5075 1136 5158 spectoiudiciolegondnsscriptorbecdereprimerius,
1254 5073 1290 5142 †)
1315 5075 1386 5128 Vide
1407 5077 1572 5130 Boobsrtum
1601 5080 1620 5132 l.
1644 5098 1667 5134 e.
1697 5099 1757 5151 esp.
1784 5084 1810 5137 5.
1843 5083 1979 5139 Historiae

364 5185 504 5238 Bucinum
529 5197 621 5256 geogr.
649 5196 742 5234 socrse
763 5180 795 5234 Ρ.
820 5177 847 5230 11
877 5174 925 5228 lib.
945 5175 975 5241 1,
1006 5189 1087 5242 quem
1109 5171 1138 5224 in
1204 5173 1327 5226 honneur
1353 5172 1476 5240 explevit
1493 5187 1582 5228 novus
1601 5176 1652 5230 iste
1670 5175 1892 5236 Ssuchnnintbon
1914 5182 1936 5248 1,
1956 5187 1979 5234 1.

365 5279 478 5335 coloniis
501 5275 655 5332 Phoeniciis
678 5291 850 5345 peromnem
867 5273 925 5326 iere
944 5271 1038 5325 orbem
1055 5271 1139 5324 collo·
1209 5271 1253 5322 10.
1272 5266 1346 5338 Vlll,
1367 5271 1399 5322 10
1415 5268 1493 5340 (pag.
1506 5265 1566 5334 90).

366 5377 458 5431 osndis
488 5385 515 5430 ot
540 5375 570 5430 iu
595 5374 703 5430 urbium
730 5373 906 5440 locorumque
929 5367 1083 5422 nominibus
1106 5367 1140 5420 ad
1168 5413 1175 5424 .

1466 5486 1507 5548 43
1531 5487 1552 5528 *
