<?xml version="1.0" encoding="UTF-8"?>
<!DOCTYPE html PUBLIC "-//W3C//DTD XHTML 1.0 Transitional//EN"
    "http://www.w3.org/TR/xhtml1/DTD/xhtml1-transitional.dtd">
<html xmlns="http://www.w3.org/1999/xhtml" xml:lang="en" lang="en">
 <head>
  <title>
</title>
<meta http-equiv="Content-Type" content="text/html;charset=utf-8" />
  <meta name='ocr-system' content='tesseract 3.04.00' />
  <meta name='ocr-capabilities' content='ocr_page ocr_carea ocr_par ocr_line ocrx_word'/>
</head>
<body>
  <div class='ocr_page' id='page_1' title='image "./scripturaelingu00gesegoog_0049.png"; bbox 0 0 4902 6306; ppageno 0'>
   <div class='ocr_carea' id='block_1_1' title="bbox 865 621 1776 710">
    <p class='ocr_par' dir='ltr' id='par_1_1' title="bbox 865 621 1776 710">
     <span class='ocr_line' id='line_1_1' title="bbox 865 621 1776 710; baseline 0.002 -16"><span class='ocrx_word' id='word_1_1' title='bbox 865 623 1000 694; x_wconf 80' lang='lat' dir='ltr'><strong>umen</strong></span> <span class='ocrx_word' id='word_1_2' title='bbox 1020 623 1197 692; x_wconf 77' lang='lat' dir='ltr'><strong>samua.</strong></span> <span class='ocrx_word' id='word_1_3' title='bbox 1224 621 1390 710; x_wconf 42' lang='lat' dir='ltr'><strong>,curun</strong></span> <span class='ocrx_word' id='word_1_4' title='bbox 1410 621 1673 696; x_wconf 80' lang='lat' dir='ltr'><strong>secunaum</strong></span> <span class='ocrx_word' id='word_1_5' title='bbox 1772 635 1776 643; x_wconf 55' lang='lat'><strong><em>¹</em></strong></span> 
     </span>
    </p>
   </div>
   <div class='ocr_carea' id='block_1_2' title="bbox 1228 813 1315 891">
    <p class='ocr_par' dir='ltr' id='par_1_2' title="bbox 1228 813 1315 891">
     <span class='ocr_line' id='line_1_2' title="bbox 1228 813 1315 891; baseline 0.023 -15"><span class='ocrx_word' id='word_1_6' title='bbox 1228 813 1259 891; x_wconf 66' lang='lat' dir='ltr'><strong>i.</strong></span> <span class='ocrx_word' id='word_1_7' title='bbox 1281 816 1315 878; x_wconf 87' lang='grc'><strong>7.</strong></span> 
     </span>
    </p>
   </div>
   <div class='ocr_carea' id='block_1_3' title="bbox 460 950 2088 1489">
    <p class='ocr_par' dir='ltr' id='par_1_3' title="bbox 460 950 2088 1489">
     <span class='ocr_line' id='line_1_3' title="bbox 587 950 2086 1039; baseline -0.003 -17"><span class='ocrx_word' id='word_1_8' title='bbox 587 958 666 1022; x_wconf 82' lang='lat' dir='ltr'><strong>Erat</strong></span> <span class='ocrx_word' id='word_1_9' title='bbox 678 967 783 1020; x_wconf 90' lang='lat' dir='ltr'><strong>autem</strong></span> <span class='ocrx_word' id='word_1_10' title='bbox 795 951 970 1018; x_wconf 90' lang='lat' dir='ltr'><strong>litterarum</strong></span> <span class='ocrx_word' id='word_1_11' title='bbox 980 950 1221 1038; x_wconf 83' lang='lat' dir='ltr'><strong>phoeniciamm</strong></span> <span class='ocrx_word' id='word_1_12' title='bbox 1237 973 1295 1038; x_wconf 89' lang='lat' dir='ltr'><strong>pro</strong></span> <span class='ocrx_word' id='word_1_13' title='bbox 1311 953 1473 1015; x_wconf 83' lang='lat' dir='ltr'><strong>variarum</strong></span> <span class='ocrx_word' id='word_1_14' title='bbox 1489 951 1658 1036; x_wconf 86' lang='lat' dir='ltr'><strong>regionum</strong></span> <span class='ocrx_word' id='word_1_15' title='bbox 1673 963 1705 1015; x_wconf 87' lang='lat' dir='ltr'><strong>et</strong></span> <span class='ocrx_word' id='word_1_16' title='bbox 1720 973 1777 1038; x_wconf 91' lang='lat' dir='ltr'><strong>pro</strong></span> <span class='ocrx_word' id='word_1_17' title='bbox 1793 953 1945 1039; x_wconf 90' lang='lat' dir='ltr'><strong>temporis</strong></span> <span class='ocrx_word' id='word_1_18' title='bbox 1961 954 2086 1018; x_wconf 74' lang='lat' dir='ltr'><strong>ratium</strong></span> 
     </span>
     <span class='ocr_line' id='line_1_4' title="bbox 460 1060 2085 1158; baseline -0.005 -21"><span class='ocrx_word' id='word_1_19' title='bbox 460 1075 540 1138; x_wconf 89' lang='lat' dir='ltr'><strong>satia</strong></span> <span class='ocrx_word' id='word_1_20' title='bbox 561 1091 678 1158; x_wconf 88' lang='lat' dir='ltr'><strong>magua</strong></span> <span class='ocrx_word' id='word_1_21' title='bbox 699 1069 867 1132; x_wconf 79' lang='lat' dir='ltr'><strong>diversitas</strong></span> <span class='ocrx_word' id='word_1_22' title='bbox 888 1087 989 1152; x_wconf 89' lang='lat' dir='ltr'><strong>eaque</strong></span> <span class='ocrx_word' id='word_1_23' title='bbox 1011 1063 1097 1144; x_wconf 86' lang='lat' dir='ltr'><strong>talis,</strong></span> <span class='ocrx_word' id='word_1_24' title='bbox 1120 1077 1156 1128; x_wconf 92' lang='lat' dir='ltr'><strong>ut</strong></span> <span class='ocrx_word' id='word_1_25' title='bbox 1175 1065 1355 1150; x_wconf 88' lang='lat' dir='ltr'><strong>antiquiore</strong></span> <span class='ocrx_word' id='word_1_26' title='bbox 1376 1077 1519 1148; x_wconf 89' lang='lat' dir='ltr'><strong>tempore</strong></span> <span class='ocrx_word' id='word_1_27' title='bbox 1539 1060 1664 1149; x_wconf 86' lang='lat' dir='ltr'><strong>ligures</strong></span> <span class='ocrx_word' id='word_1_28' title='bbox 1685 1062 1873 1151; x_wconf 91' lang='lat' dir='ltr'><strong>plemmque</strong></span> <span class='ocrx_word' id='word_1_29' title='bbox 1894 1067 2085 1145; x_wconf 89' lang='lat' dir='ltr'><strong>accuratius,</strong></span> 
     </span>
     <span class='ocr_line' id='line_1_5' title="bbox 460 1171 2086 1270; baseline -0.004 -21"><span class='ocrx_word' id='word_1_30' title='bbox 460 1183 585 1270; x_wconf 88' lang='lat' dir='ltr'><strong>plenius</strong></span> <span class='ocrx_word' id='word_1_31' title='bbox 611 1195 643 1245; x_wconf 91' lang='lat' dir='ltr'><strong>et</strong></span> <span class='ocrx_word' id='word_1_32' title='bbox 669 1179 798 1244; x_wconf 83' lang='lat' dir='ltr'><strong>nitidius</strong></span> <span class='ocrx_word' id='word_1_33' title='bbox 822 1176 1060 1264; x_wconf 72' lang='lat' dir='ltr'><strong>scalperentur,</strong></span> <span class='ocrx_word' id='word_1_34' title='bbox 1090 1179 1268 1242; x_wconf 74' lang='lat' dir='ltr'>recentiore</span> <span class='ocrx_word' id='word_1_35' title='bbox 1295 1174 1527 1264; x_wconf 88' lang='lat' dir='ltr'><strong>negligentius,</strong></span> <span class='ocrx_word' id='word_1_36' title='bbox 1557 1171 1652 1240; x_wconf 88' lang='lat' dir='ltr'><strong>lineis</strong></span> <span class='ocrx_word' id='word_1_37' title='bbox 1680 1177 1904 1262; x_wconf 90' lang='lat' dir='ltr'><strong>paucioribus,</strong></span> <span class='ocrx_word' id='word_1_38' title='bbox 1938 1177 2086 1243; x_wconf 89' lang='lat' dir='ltr'><strong>ductibus</strong></span> 
     </span>
     <span class='ocr_line' id='line_1_6' title="bbox 460 1287 2088 1384; baseline -0.003 -23"><span class='ocrx_word' id='word_1_39' title='bbox 460 1296 648 1384; x_wconf 88' lang='lat' dir='ltr'><strong>plerumque</strong></span> <span class='ocrx_word' id='word_1_40' title='bbox 665 1291 841 1368; x_wconf 86' lang='lat' dir='ltr'><strong>rotandis,</strong></span> <span class='ocrx_word' id='word_1_41' title='bbox 879 1293 970 1356; x_wconf 86' lang='lat' dir='ltr'><strong>cuiue</strong></span> <span class='ocrx_word' id='word_1_42' title='bbox 998 1294 1047 1356; x_wconf 88' lang='lat' dir='ltr'><strong>rai</strong></span> <span class='ocrx_word' id='word_1_43' title='bbox 1074 1287 1330 1359; x_wconf 87' lang='lat' dir='ltr'><strong>luculentissima</strong></span> <span class='ocrx_word' id='word_1_44' title='bbox 1358 1288 1508 1376; x_wconf 84' lang='lat' dir='ltr'><strong>exempla</strong></span> <span class='ocrx_word' id='word_1_45' title='bbox 1534 1289 1691 1356; x_wconf 87' lang='lat' dir='ltr'><strong>habemus</strong></span> <span class='ocrx_word' id='word_1_46' title='bbox 1718 1291 1751 1354; x_wconf 91' lang='lat' dir='ltr'><strong>iu</strong></span> <span class='ocrx_word' id='word_1_47' title='bbox 1780 1293 1886 1356; x_wconf 88' lang='lat' dir='ltr'><strong>numia</strong></span> <span class='ocrx_word' id='word_1_48' title='bbox 1913 1289 2024 1376; x_wconf 79' lang='lat' dir='ltr'><strong>Tyriis</strong></span> <span class='ocrx_word' id='word_1_49' title='bbox 2055 1305 2088 1356; x_wconf 87' lang='lat' dir='ltr'><strong>et</strong></span> 
     </span>
     <span class='ocr_line' id='line_1_7' title="bbox 461 1401 2087 1489; baseline -0.004 -14"><span class='ocrx_word' id='word_1_50' title='bbox 461 1409 604 1475; x_wconf 85' lang='lat' dir='ltr'><strong>Sidoniis</strong></span> <span class='ocrx_word' id='word_1_51' title='bbox 634 1407 685 1489; x_wconf 82' lang='lat' dir='ltr'><strong>(v.</strong></span> <span class='ocrx_word' id='word_1_52' title='bbox 712 1401 770 1469; x_wconf 90' lang='lat' dir='ltr'><strong>lib.</strong></span> <span class='ocrx_word' id='word_1_53' title='bbox 797 1403 866 1483; x_wconf 87' lang='grc' dir='ltr'>ΙΙΙ,</span> <span class='ocrx_word' id='word_1_54' title='bbox 899 1423 952 1468; x_wconf 89' lang='lat' dir='ltr'><strong>no.</strong></span> <span class='ocrx_word' id='word_1_55' title='bbox 975 1407 1066 1488; x_wconf 73' lang='grc'><strong>1.·2)</strong></span> <span class='ocrx_word' id='word_1_56' title='bbox 1098 1423 1174 1467; x_wconf 88' lang='lat' dir='ltr'><strong>aera</strong></span> <span class='ocrx_word' id='word_1_57' title='bbox 1203 1405 1322 1467; x_wconf 91' lang='lat' dir='ltr'><strong>notatis</strong></span> <span class='ocrx_word' id='word_1_58' title='bbox 1349 1417 1382 1467; x_wconf 91' lang='lat' dir='ltr'><strong>et</strong></span> <span class='ocrx_word' id='word_1_59' title='bbox 1403 1405 1436 1467; x_wconf 88' lang='lat' dir='ltr'><strong>iu</strong></span> <span class='ocrx_word' id='word_1_60' title='bbox 1459 1419 1588 1468; x_wconf 90' lang='lat' dir='ltr'><strong>monete</strong></span> <span class='ocrx_word' id='word_1_61' title='bbox 1609 1403 1838 1469; x_wconf 88' lang='lat' dir='ltr'><strong>Cessuraeensi</strong></span> <span class='ocrx_word' id='word_1_62' title='bbox 1861 1401 1931 1485; x_wconf 81' lang='lat' dir='ltr'><strong>(lib.</strong></span> <span class='ocrx_word' id='word_1_63' title='bbox 1953 1403 2012 1483; x_wconf 93' lang='grc' dir='ltr'>ΙΙΙ,</span> <span class='ocrx_word' id='word_1_64' title='bbox 2034 1425 2087 1468; x_wconf 91' lang='lat' dir='ltr'><strong>uu.</strong></span> 
     </span>
    </p>
   </div>
   <div class='ocr_carea' id='block_1_4' title="bbox 461 1497 2089 1632">
    <p class='ocr_par' dir='ltr' id='par_1_4' title="bbox 461 1497 2089 1632">
     <span class='ocr_line' id='line_1_8' title="bbox 461 1497 2089 1632; baseline -0.004 -41"><span class='ocrx_word' id='word_1_65' title='bbox 461 1525 567 1612; x_wconf 85' lang='lat' dir='ltr'><strong>xiii).</strong></span> <span class='ocrx_word' id='word_1_66' title='bbox 611 1521 649 1586; x_wconf 91' lang='lat' dir='ltr'><strong>lu</strong></span> <span class='ocrx_word' id='word_1_67' title='bbox 672 1521 905 1608; x_wconf 71' lang='lat' dir='ltr'><strong>antiquioribus</strong></span> <span class='ocrx_word' id='word_1_68' title='bbox 926 1517 1036 1606; x_wconf 77' lang='lat' dir='ltr'><strong>Tyriis</strong></span> <span class='ocrx_word' id='word_1_69' title='bbox 1059 1519 1165 1586; x_wconf 82' lang='lat' dir='ltr'><strong>liesch</strong></span> <span class='ocrx_word' id='word_1_70' title='bbox 1187 1519 1330 1608; x_wconf 88' lang='lat' dir='ltr'><strong>legitime</strong></span> <span class='ocrx_word' id='word_1_71' title='bbox 1353 1521 1472 1608; x_wconf 90' lang='lat' dir='ltr'><strong>pictum</strong></span> <span class='ocrx_word' id='word_1_72' title='bbox 1493 1497 1567 1632; x_wconf 56' lang='lat' dir='ltr'><strong>q,</strong></span> <span class='ocrx_word' id='word_1_73' title='bbox 1590 1543 1666 1588; x_wconf 83' lang='lat' dir='ltr'><strong>mox</strong></span> <span class='ocrx_word' id='word_1_74' title='bbox 1701 1503 1760 1608; x_wconf 67' lang='lat' dir='ltr'><strong>q,</strong></span> <span class='ocrx_word' id='word_1_75' title='bbox 1792 1523 1825 1586; x_wconf 91' lang='lat' dir='ltr'><strong>in</strong></span> <span class='ocrx_word' id='word_1_76' title='bbox 1855 1519 2089 1586; x_wconf 87' lang='lat' dir='ltr'><strong>recentioribus</strong></span> 
     </span>
    </p>
   </div>
   <div class='ocr_carea' id='block_1_5' title="bbox 312 1633 2089 1728">
    <p class='ocr_par' dir='ltr' id='par_1_5' title="bbox 312 1633 2089 1728">
     <span class='ocr_line' id='line_1_9' title="bbox 312 1633 2089 1728; baseline -0.005 -19"><span class='ocrx_word' id='word_1_77' title='bbox 312 1655 315 1662; x_wconf 83' lang='grc'>’</span> <span class='ocrx_word' id='word_1_78' title='bbox 457 1647 491 1709; x_wconf 89' lang='lat' dir='ltr'><strong>in</strong></span> <span class='ocrx_word' id='word_1_79' title='bbox 515 1663 609 1706; x_wconf 90' lang='lat' dir='ltr'><strong>unam</strong></span> <span class='ocrx_word' id='word_1_80' title='bbox 635 1639 754 1704; x_wconf 90' lang='lat' dir='ltr'><strong>lineam</strong></span> <span class='ocrx_word' id='word_1_81' title='bbox 778 1637 962 1704; x_wconf 80' lang='lat' dir='ltr'><strong>vertimlem</strong></span> <span class='ocrx_word' id='word_1_82' title='bbox 986 1641 1214 1726; x_wconf 88' lang='lat' dir='ltr'><strong>degeneratum</strong></span> <span class='ocrx_word' id='word_1_83' title='bbox 1237 1655 1301 1704; x_wconf 89' lang='lat' dir='ltr'><strong>est:</strong></span> <span class='ocrx_word' id='word_1_84' title='bbox 1324 1639 1358 1704; x_wconf 92' lang='lat' dir='ltr'><strong>iu</strong></span> <span class='ocrx_word' id='word_1_85' title='bbox 1379 1641 1615 1728; x_wconf 71' lang='lat' dir='ltr'><strong>antiquioribus</strong></span> <span class='ocrx_word' id='word_1_86' title='bbox 1630 1637 1819 1706; x_wconf 84' lang='lat' dir='ltr'><strong>Cossuraais</strong></span> <span class='ocrx_word' id='word_1_87' title='bbox 1843 1641 1886 1724; x_wconf 84' lang='lat' dir='ltr'><strong>(v.</strong></span> <span class='ocrx_word' id='word_1_88' title='bbox 1901 1637 1961 1704; x_wconf 88' lang='lat' dir='ltr'><strong>litt.</strong></span> <span class='ocrx_word' id='word_1_89' title='bbox 1977 1637 2018 1702; x_wconf 78' lang='lat' dir='ltr'><strong>A.</strong></span> <span class='ocrx_word' id='word_1_90' title='bbox 2036 1633 2089 1720; x_wconf 85' lang='lat' dir='ltr'><strong>B.)</strong></span> 
     </span>
    </p>
   </div>
   <div class='ocr_carea' id='block_1_6' title="bbox 451 1749 2091 2851">
    <p class='ocr_par' dir='ltr' id='par_1_6' title="bbox 459 1749 2089 2065">
     <span class='ocr_line' id='line_1_10' title="bbox 459 1749 2089 1843; baseline -0.004 -22"><span class='ocrx_word' id='word_1_91' title='bbox 459 1753 605 1843; x_wconf 87' lang='lat' dir='ltr'><strong>singulae</strong></span> <span class='ocrx_word' id='word_1_92' title='bbox 620 1752 746 1818; x_wconf 90' lang='lat' dir='ltr'><strong>litterae</strong></span> <span class='ocrx_word' id='word_1_93' title='bbox 762 1750 858 1839; x_wconf 88' lang='lat' dir='ltr'><strong>plene</strong></span> <span class='ocrx_word' id='word_1_94' title='bbox 875 1765 907 1816; x_wconf 89' lang='lat' dir='ltr'><strong>et</strong></span> <span class='ocrx_word' id='word_1_95' title='bbox 922 1749 1065 1838; x_wconf 90' lang='lat' dir='ltr'><strong>legitime</strong></span> <span class='ocrx_word' id='word_1_96' title='bbox 1089 1749 1234 1837; x_wconf 91' lang='lat' dir='ltr'><strong>sculptae</strong></span> <span class='ocrx_word' id='word_1_97' title='bbox 1255 1765 1349 1832; x_wconf 89' lang='lat' dir='ltr'><strong>aunt,</strong></span> <span class='ocrx_word' id='word_1_98' title='bbox 1378 1752 1410 1816; x_wconf 91' lang='lat' dir='ltr'><strong>in</strong></span> <span class='ocrx_word' id='word_1_99' title='bbox 1433 1754 1666 1820; x_wconf 88' lang='lat' dir='ltr'><strong>recentioribus</strong></span> <span class='ocrx_word' id='word_1_100' title='bbox 1686 1751 1815 1818; x_wconf 81' lang='lat' dir='ltr'><strong>‘liberii</strong></span> <span class='ocrx_word' id='word_1_101' title='bbox 1838 1767 1981 1838; x_wconf 88' lang='lat' dir='ltr'><strong>tempore</strong></span> <span class='ocrx_word' id='word_1_102' title='bbox 2003 1750 2089 1815; x_wconf 85' lang='lat' dir='ltr'><strong>cuais</strong></span> 
     </span>
     <span class='ocr_line' id='line_1_11' title="bbox 461 1861 2088 1955; baseline -0.004 -23"><span class='ocrx_word' id='word_1_103' title='bbox 461 1865 630 1955; x_wconf 76' lang='lat' dir='ltr'><strong>pleraeque</strong></span> <span class='ocrx_word' id='word_1_104' title='bbox 658 1867 704 1930; x_wconf 91' lang='lat' dir='ltr'><strong>ita</strong></span> <span class='ocrx_word' id='word_1_105' title='bbox 734 1867 944 1951; x_wconf 78' lang='lat' dir='ltr'><strong>depravatae,</strong></span> <span class='ocrx_word' id='word_1_106' title='bbox 984 1879 1018 1928; x_wconf 89' lang='lat' dir='ltr'><strong>ut</strong></span> <span class='ocrx_word' id='word_1_107' title='bbox 1048 1865 1105 1929; x_wconf 86' lang='lat' dir='ltr'><strong>vix</strong></span> <span class='ocrx_word' id='word_1_108' title='bbox 1133 1883 1189 1928; x_wconf 85' lang='lat' dir='ltr'><strong>eas</strong></span> <span class='ocrx_word' id='word_1_109' title='bbox 1217 1877 1372 1950; x_wconf 88' lang='lat' dir='ltr'><strong>agnoscat</strong></span> <span class='ocrx_word' id='word_1_110' title='bbox 1405 1887 1508 1955; x_wconf 91' lang='lat' dir='ltr'><strong>neque</strong></span> <span class='ocrx_word' id='word_1_111' title='bbox 1543 1867 1673 1932; x_wconf 87' lang='lat' dir='ltr'><strong>easdem</strong></span> <span class='ocrx_word' id='word_1_112' title='bbox 1703 1887 1776 1932; x_wconf 88' lang='lat' dir='ltr'><strong>esse</strong></span> <span class='ocrx_word' id='word_1_113' title='bbox 1803 1863 1912 1931; x_wconf 89' lang='lat' dir='ltr'><strong>credat</strong></span> <span class='ocrx_word' id='word_1_114' title='bbox 1940 1863 2004 1928; x_wconf 87' lang='lat' dir='ltr'><strong>nisi</strong></span> <span class='ocrx_word' id='word_1_115' title='bbox 2034 1861 2088 1949; x_wconf 92' lang='lat' dir='ltr'><strong>qui</strong></span> 
     </span>
     <span class='ocr_line' id='line_1_12' title="bbox 465 1975 1299 2065; baseline -0.008 -19"><span class='ocrx_word' id='word_1_116' title='bbox 465 1983 586 2046; x_wconf 84' lang='lat' dir='ltr'><strong>aenaim</strong></span> <span class='ocrx_word' id='word_1_117' title='bbox 609 1975 823 2065; x_wconf 82' lang='lat' dir='ltr'><strong>paulatimque</strong></span> <span class='ocrx_word' id='word_1_118' title='bbox 844 1997 902 2058; x_wconf 74' lang='lat' dir='ltr'><strong>eas</strong></span> <span class='ocrx_word' id='word_1_119' title='bbox 923 1989 1060 2042; x_wconf 89' lang='lat' dir='ltr'><strong>mutatas</strong></span> <span class='ocrx_word' id='word_1_120' title='bbox 1080 1995 1153 2041; x_wconf 90' lang='lat' dir='ltr'><strong>ease</strong></span> <span class='ocrx_word' id='word_1_121' title='bbox 1175 1977 1299 2040; x_wconf 86' lang='lat' dir='ltr'><strong>viderit.</strong></span> 
     </span>
    </p>

    <p class='ocr_par' dir='ltr' id='par_1_7' title="bbox 451 2085 2091 2851">
     <span class='ocr_line' id='line_1_13' title="bbox 588 2085 2090 2178; baseline -0.004 -22"><span class='ocrx_word' id='word_1_122' title='bbox 588 2093 710 2156; x_wconf 86' lang='lat' dir='ltr'><strong>Eadem</strong></span> <span class='ocrx_word' id='word_1_123' title='bbox 732 2103 839 2154; x_wconf 90' lang='lat' dir='ltr'><strong>autem</strong></span> <span class='ocrx_word' id='word_1_124' title='bbox 861 2088 1059 2155; x_wconf 83' lang='lat' dir='ltr'><strong>diversarum</strong></span> <span class='ocrx_word' id='word_1_125' title='bbox 1083 2089 1251 2174; x_wconf 89' lang='lat' dir='ltr'><strong>regionum</strong></span> <span class='ocrx_word' id='word_1_126' title='bbox 1273 2091 1355 2153; x_wconf 88' lang='lat' dir='ltr'><strong>ratio</strong></span> <span class='ocrx_word' id='word_1_127' title='bbox 1378 2101 1436 2155; x_wconf 87' lang='lat' dir='ltr'><strong>eet.</strong></span> <span class='ocrx_word' id='word_1_128' title='bbox 1480 2091 1608 2156; x_wconf 80' lang='lat' dir='ltr'><strong>Etenim</strong></span> <span class='ocrx_word' id='word_1_129' title='bbox 1638 2093 1672 2156; x_wconf 93' lang='lat' dir='ltr'><strong>iu</strong></span> <span class='ocrx_word' id='word_1_130' title='bbox 1702 2093 1774 2178; x_wconf 86' lang='lat' dir='ltr'><strong>ipsa</strong></span> <span class='ocrx_word' id='word_1_131' title='bbox 1802 2087 1963 2156; x_wconf 84' lang='lat' dir='ltr'><strong>Phoenice</strong></span> <span class='ocrx_word' id='word_1_132' title='bbox 1991 2085 2090 2174; x_wconf 87' lang='lat' dir='ltr'><strong>(auti-</strong></span> 
     </span>
     <span class='ocr_line' id='line_1_14' title="bbox 451 2199 2090 2294; baseline -0.002 -26"><span class='ocrx_word' id='word_1_133' title='bbox 451 2209 572 2294; x_wconf 86' lang='lat' dir='ltr'><strong>qaicre</strong></span> <span class='ocrx_word' id='word_1_134' title='bbox 588 2217 673 2270; x_wconf 88' lang='lat' dir='ltr'><strong>certe</strong></span> <span class='ocrx_word' id='word_1_135' title='bbox 686 2205 856 2289; x_wconf 89' lang='lat' dir='ltr'><strong>tempore),</strong></span> <span class='ocrx_word' id='word_1_136' title='bbox 879 2205 912 2266; x_wconf 94' lang='lat' dir='ltr'><strong>iu</strong></span> <span class='ocrx_word' id='word_1_137' title='bbox 927 2199 1050 2280; x_wconf 86' lang='lat' dir='ltr'><strong>Sicilia,</strong></span> <span class='ocrx_word' id='word_1_138' title='bbox 1073 2199 1187 2267; x_wconf 86' lang='lat' dir='ltr'><strong>Melite</strong></span> <span class='ocrx_word' id='word_1_139' title='bbox 1209 2217 1241 2268; x_wconf 92' lang='lat' dir='ltr'><strong>et</strong></span> <span class='ocrx_word' id='word_1_140' title='bbox 1263 2207 1296 2267; x_wconf 92' lang='lat' dir='ltr'><strong>iu</strong></span> <span class='ocrx_word' id='word_1_141' title='bbox 1320 2205 1389 2287; x_wconf 92' lang='lat' dir='ltr'><strong>ipsa</strong></span> <span class='ocrx_word' id='word_1_142' title='bbox 1404 2202 1597 2291; x_wconf 88' lang='lat' dir='ltr'><strong>Carthagine</strong></span> <span class='ocrx_word' id='word_1_143' title='bbox 1621 2203 1700 2268; x_wconf 91' lang='lat' dir='ltr'><strong>urbe</strong></span> <span class='ocrx_word' id='word_1_144' title='bbox 1722 2201 1900 2267; x_wconf 89' lang='lat' dir='ltr'><strong>litterarum</strong></span> <span class='ocrx_word' id='word_1_145' title='bbox 1924 2199 2090 2267; x_wconf 85' lang='lat' dir='ltr'><strong>character</strong></span> 
     </span>
     <span class='ocr_line' id='line_1_15' title="bbox 462 2311 2090 2403; baseline -0.002 -21"><span class='ocrx_word' id='word_1_146' title='bbox 462 2331 629 2385; x_wconf 87' lang='lat' dir='ltr'><strong>accuratus</strong></span> <span class='ocrx_word' id='word_1_147' title='bbox 650 2337 723 2382; x_wconf 89' lang='lat' dir='ltr'><strong>esse</strong></span> <span class='ocrx_word' id='word_1_148' title='bbox 743 2313 845 2394; x_wconf 88' lang='lat' dir='ltr'><strong>solet,</strong></span> <span class='ocrx_word' id='word_1_149' title='bbox 874 2311 1037 2400; x_wconf 88' lang='lat' dir='ltr'><strong>legitimus</strong></span> <span class='ocrx_word' id='word_1_150' title='bbox 1060 2329 1093 2378; x_wconf 88' lang='lat' dir='ltr'><strong>et</strong></span> <span class='ocrx_word' id='word_1_151' title='bbox 1116 2315 1197 2380; x_wconf 90' lang='lat' dir='ltr'><strong>bene</strong></span> <span class='ocrx_word' id='word_1_152' title='bbox 1219 2313 1376 2401; x_wconf 86' lang='lat' dir='ltr'><strong>sculptus:</strong></span> <span class='ocrx_word' id='word_1_153' title='bbox 1409 2317 1442 2380; x_wconf 93' lang='lat' dir='ltr'><strong>iu</strong></span> <span class='ocrx_word' id='word_1_154' title='bbox 1466 2313 1623 2403; x_wconf 77' lang='lat' dir='ltr'><strong>Hispania</strong></span> <span class='ocrx_word' id='word_1_155' title='bbox 1646 2329 1752 2380; x_wconf 88' lang='lat' dir='ltr'><strong>autern</strong></span> <span class='ocrx_word' id='word_1_156' title='bbox 1775 2318 1937 2402; x_wconf 83' lang='lat' dir='ltr'><strong>variisque</strong></span> <span class='ocrx_word' id='word_1_157' title='bbox 1958 2313 2090 2380; x_wconf 80' lang='lat' dir='ltr'><strong>Africae</strong></span> 
     </span>
     <span class='ocr_line' id='line_1_16' title="bbox 463 2423 2088 2518; baseline -0.003 -22"><span class='ocrx_word' id='word_1_158' title='bbox 463 2429 651 2518; x_wconf 87' lang='lat' dir='ltr'><strong>regionibus</strong></span> <span class='ocrx_word' id='word_1_159' title='bbox 673 2429 812 2514; x_wconf 88' lang='lat' dir='ltr'><strong>(praeter</strong></span> <span class='ocrx_word' id='word_1_160' title='bbox 833 2445 931 2490; x_wconf 86' lang='lat' dir='ltr'><strong>unam</strong></span> <span class='ocrx_word' id='word_1_161' title='bbox 954 2423 1185 2515; x_wconf 79' lang='lat' dir='ltr'><strong>Carthaginem</strong></span> <span class='ocrx_word' id='word_1_162' title='bbox 1208 2425 1352 2513; x_wconf 87' lang='lat' dir='ltr'><strong>urbem),</strong></span> <span class='ocrx_word' id='word_1_163' title='bbox 1383 2431 1523 2492; x_wconf 83' lang='lat' dir='ltr'><strong>maxima</strong></span> <span class='ocrx_word' id='word_1_164' title='bbox 1545 2431 1579 2494; x_wconf 90' lang='lat' dir='ltr'><strong>in</strong></span> <span class='ocrx_word' id='word_1_165' title='bbox 1600 2425 1772 2507; x_wconf 85' lang='lat' dir='ltr'><strong>Numidia,</strong></span> <span class='ocrx_word' id='word_1_166' title='bbox 1796 2427 1953 2512; x_wconf 89' lang='lat' dir='ltr'><strong>scriptura</strong></span> <span class='ocrx_word' id='word_1_167' title='bbox 1974 2427 2088 2492; x_wconf 90' lang='lat' dir='ltr'><strong>eodem</strong></span> 
     </span>
     <span class='ocr_line' id='line_1_17' title="bbox 461 2537 2090 2628; baseline -0.002 -20"><span class='ocrx_word' id='word_1_168' title='bbox 461 2541 531 2608; x_wconf 86' lang='lat' dir='ltr'><strong>iera</strong></span> <span class='ocrx_word' id='word_1_169' title='bbox 554 2542 649 2607; x_wconf 88' lang='lat' dir='ltr'><strong>ruodo</strong></span> <span class='ocrx_word' id='word_1_170' title='bbox 673 2553 705 2604; x_wconf 86' lang='lat' dir='ltr'><strong>et</strong></span> <span class='ocrx_word' id='word_1_171' title='bbox 726 2541 829 2625; x_wconf 90' lang='lat' dir='ltr'><strong>magia</strong></span> <span class='ocrx_word' id='word_1_172' title='bbox 850 2540 946 2602; x_wconf 89' lang='lat' dir='ltr'><strong>etiam</strong></span> <span class='ocrx_word' id='word_1_173' title='bbox 964 2537 1177 2626; x_wconf 80' lang='lat' dir='ltr'><strong>degenerata,</strong></span> <span class='ocrx_word' id='word_1_174' title='bbox 1201 2561 1295 2627; x_wconf 89' lang='lat' dir='ltr'><strong>quam</strong></span> <span class='ocrx_word' id='word_1_175' title='bbox 1317 2563 1414 2628; x_wconf 86' lang='lat' dir='ltr'><strong>supra</strong></span> <span class='ocrx_word' id='word_1_176' title='bbox 1435 2539 1564 2606; x_wconf 88' lang='lat' dir='ltr'><strong>lebeute</strong></span> <span class='ocrx_word' id='word_1_177' title='bbox 1588 2557 1692 2607; x_wconf 87' lang='lat' dir='ltr'><strong>aetate</strong></span> <span class='ocrx_word' id='word_1_178' title='bbox 1714 2543 1833 2608; x_wconf 86' lang='lat' dir='ltr'><strong>iactum</strong></span> <span class='ocrx_word' id='word_1_179' title='bbox 1852 2564 1924 2608; x_wconf 84' lang='lat' dir='ltr'><strong>esse</strong></span> <span class='ocrx_word' id='word_1_180' title='bbox 1940 2542 2090 2618; x_wconf 80' lang='lat' dir='ltr'><strong>uidimus,</strong></span> 
     </span>
     <span class='ocr_line' id='line_1_18' title="bbox 463 2649 2091 2743; baseline -0.002 -23"><span class='ocrx_word' id='word_1_181' title='bbox 463 2659 510 2722; x_wconf 89' lang='lat' dir='ltr'><strong>ita</strong></span> <span class='ocrx_word' id='word_1_182' title='bbox 530 2669 566 2720; x_wconf 91' lang='lat' dir='ltr'><strong>ut</strong></span> <span class='ocrx_word' id='word_1_183' title='bbox 586 2652 721 2740; x_wconf 87' lang='lat' dir='ltr'><strong>plurime</strong></span> <span class='ocrx_word' id='word_1_184' title='bbox 743 2655 813 2716; x_wconf 89' lang='lat' dir='ltr'><strong>eius</strong></span> <span class='ocrx_word' id='word_1_185' title='bbox 834 2653 962 2738; x_wconf 89' lang='lat' dir='ltr'><strong>generis</strong></span> <span class='ocrx_word' id='word_1_186' title='bbox 985 2669 1194 2720; x_wconf 89' lang='lat' dir='ltr'><strong>monumenta</strong></span> <span class='ocrx_word' id='word_1_187' title='bbox 1216 2657 1263 2736; x_wconf 90' lang='lat' dir='ltr'><strong>(iu</strong></span> <span class='ocrx_word' id='word_1_188' title='bbox 1287 2653 1403 2742; x_wconf 82' lang='lat' dir='ltr'><strong>quibua</strong></span> <span class='ocrx_word' id='word_1_189' title='bbox 1426 2655 1466 2719; x_wconf 92' lang='lat' dir='ltr'><strong>ad</strong></span> <span class='ocrx_word' id='word_1_190' title='bbox 1486 2656 1629 2742; x_wconf 90' lang='lat' dir='ltr'><strong>regionis</strong></span> <span class='ocrx_word' id='word_1_191' title='bbox 1646 2657 1848 2743; x_wconf 90' lang='lat' dir='ltr'><strong>iniquitatem</strong></span> <span class='ocrx_word' id='word_1_192' title='bbox 1863 2657 1962 2720; x_wconf 87' lang='lat' dir='ltr'><strong>etiam</strong></span> <span class='ocrx_word' id='word_1_193' title='bbox 1977 2649 2091 2718; x_wconf 87' lang='lat' dir='ltr'><strong>labens</strong></span> 
     </span>
     <span class='ocr_line' id='line_1_19' title="bbox 463 2763 1209 2851; baseline -0.001 -17"><span class='ocrx_word' id='word_1_194' title='bbox 463 2781 551 2834; x_wconf 87' lang='lat' dir='ltr'><strong>eetaa</strong></span> <span class='ocrx_word' id='word_1_195' title='bbox 573 2765 761 2850; x_wconf 77' lang='lat' dir='ltr'><strong>adcedebat)</strong></span> <span class='ocrx_word' id='word_1_196' title='bbox 785 2766 840 2830; x_wconf 83' lang='lat' dir='ltr'><strong>vix</strong></span> <span class='ocrx_word' id='word_1_197' title='bbox 860 2766 978 2851; x_wconf 90' lang='lat' dir='ltr'><strong>punica</strong></span> <span class='ocrx_word' id='word_1_198' title='bbox 1000 2763 1209 2833; x_wconf 83' lang='lat' dir='ltr'><strong>habitarint.</strong></span> 
     </span>
    </p>
   </div>
   <div class='ocr_carea' id='block_1_7' title="bbox 464 2901 2091 3104">
    <p class='ocr_par' dir='ltr' id='par_1_8' title="bbox 464 2901 2091 3104">
     <span class='ocr_line' id='line_1_20' title="bbox 592 2901 2091 2993; baseline -0.005 -20"><span class='ocrx_word' id='word_1_199' title='bbox 592 2903 696 2973; x_wconf 89' lang='lat' dir='ltr'><strong>Nobis</strong></span> <span class='ocrx_word' id='word_1_200' title='bbox 717 2907 816 2993; x_wconf 90' lang='lat' dir='ltr'><strong>igitur</strong></span> <span class='ocrx_word' id='word_1_201' title='bbox 837 2907 870 2968; x_wconf 90' lang='lat' dir='ltr'><strong>iu</strong></span> <span class='ocrx_word' id='word_1_202' title='bbox 895 2901 955 2968; x_wconf 86' lang='lat' dir='ltr'><strong>hae</strong></span> <span class='ocrx_word' id='word_1_203' title='bbox 977 2907 1111 2970; x_wconf 89' lang='lat' dir='ltr'><strong>materia</strong></span> <span class='ocrx_word' id='word_1_204' title='bbox 1133 2908 1297 2973; x_wconf 85' lang='lat' dir='ltr'><strong>tractanda</strong></span> <span class='ocrx_word' id='word_1_205' title='bbox 1317 2907 1378 2972; x_wconf 86' lang='lat' dir='ltr'><strong>trie</strong></span> <span class='ocrx_word' id='word_1_206' title='bbox 1401 2907 1541 2972; x_wconf 87' lang='lat' dir='ltr'><strong>maxime</strong></span> <span class='ocrx_word' id='word_1_207' title='bbox 1562 2909 1739 2993; x_wconf 73' lang='lat' dir='ltr'><strong>scripturae</strong></span> <span class='ocrx_word' id='word_1_208' title='bbox 1761 2903 1949 2992; x_wconf 88' lang='lat' dir='ltr'><strong>phoeniciae</strong></span> <span class='ocrx_word' id='word_1_209' title='bbox 1971 2923 2091 2990; x_wconf 88' lang='lat' dir='ltr'><strong>genera</strong></span> 
     </span>
     <span class='ocr_line' id='line_1_21' title="bbox 464 3018 874 3104; baseline -0.015 -17"><span class='ocrx_word' id='word_1_210' title='bbox 464 3019 691 3104; x_wconf 89' lang='lat' dir='ltr'><strong>distinguenda</strong></span> <span class='ocrx_word' id='word_1_211' title='bbox 710 3018 874 3081; x_wconf 81' lang='lat' dir='ltr'><strong>videntur:</strong></span> 
     </span>
    </p>
   </div>
   <div class='ocr_carea' id='block_1_8' title="bbox 467 3137 2091 3570">
    <p class='ocr_par' dir='ltr' id='par_1_9' title="bbox 467 3137 2091 3570">
     <span class='ocr_line' id='line_1_22' title="bbox 595 3137 2090 3234; baseline -0.001 -22"><span class='ocrx_word' id='word_1_212' title='bbox 595 3147 629 3232; x_wconf 88' lang='grc'><strong>1)</strong></span> <span class='ocrx_word' id='word_1_213' title='bbox 654 3143 831 3231; x_wconf 78' lang='lat' dir='ltr'><strong>Scriptura</strong></span> <span class='ocrx_word' id='word_1_214' title='bbox 847 3141 1028 3230; x_wconf 78' lang='lat' dir='ltr'><strong>phaenicia</strong></span> <span class='ocrx_word' id='word_1_215' title='bbox 1051 3149 1179 3232; x_wconf 90' lang='lat' dir='ltr'><strong>proprie</strong></span> <span class='ocrx_word' id='word_1_216' title='bbox 1200 3147 1304 3225; x_wconf 69' lang='lat' dir='ltr'><strong>heta,</strong></span> <span class='ocrx_word' id='word_1_217' title='bbox 1333 3145 1418 3212; x_wconf 91' lang='lat' dir='ltr'><strong>boua</strong></span> <span class='ocrx_word' id='word_1_218' title='bbox 1437 3145 1494 3212; x_wconf 90' lang='lat' dir='ltr'><strong>illa</strong></span> <span class='ocrx_word' id='word_1_219' title='bbox 1515 3161 1548 3212; x_wconf 88' lang='lat' dir='ltr'><strong>et</strong></span> <span class='ocrx_word' id='word_1_220' title='bbox 1568 3137 1731 3233; x_wconf 82' lang='lat' dir='ltr'><strong>legitima,</strong></span> <span class='ocrx_word' id='word_1_221' title='bbox 1752 3168 1833 3234; x_wconf 88' lang='lat' dir='ltr'><strong>quae</strong></span> <span class='ocrx_word' id='word_1_222' title='bbox 1853 3149 1887 3212; x_wconf 93' lang='lat' dir='ltr'><strong>iu</strong></span> <span class='ocrx_word' id='word_1_223' title='bbox 1910 3148 2090 3234; x_wconf 89' lang='lat' dir='ltr'><strong>inscriptio·</strong></span> 
     </span>
     <span class='ocr_line' id='line_1_23' title="bbox 468 3253 2088 3344; baseline -0.005 -15"><span class='ocrx_word' id='word_1_224' title='bbox 468 3261 564 3328; x_wconf 91' lang='lat' dir='ltr'><strong>nibus</strong></span> <span class='ocrx_word' id='word_1_225' title='bbox 594 3256 745 3334; x_wconf 81' lang='lat' dir='ltr'><strong>Melitae,</strong></span> <span class='ocrx_word' id='word_1_226' title='bbox 774 3255 996 3334; x_wconf 86' lang='lat' dir='ltr'><strong>Athenarum,</strong></span> <span class='ocrx_word' id='word_1_227' title='bbox 1029 3253 1144 3344; x_wconf 84' lang='lat' dir='ltr'><strong>Cypri,</strong></span> <span class='ocrx_word' id='word_1_228' title='bbox 1173 3256 1341 3322; x_wconf 86' lang='lat' dir='ltr'><strong>Sardiniae</strong></span> <span class='ocrx_word' id='word_1_229' title='bbox 1361 3273 1393 3322; x_wconf 91' lang='lat' dir='ltr'><strong>et</strong></span> <span class='ocrx_word' id='word_1_230' title='bbox 1415 3263 1447 3323; x_wconf 90' lang='lat' dir='ltr'><strong>iu</strong></span> <span class='ocrx_word' id='word_1_231' title='bbox 1471 3263 1576 3324; x_wconf 85' lang='lat' dir='ltr'><strong>nuruis</strong></span> <span class='ocrx_word' id='word_1_232' title='bbox 1598 3259 1795 3340; x_wconf 82' lang='lat' dir='ltr'><strong>Phoenissa,</strong></span> <span class='ocrx_word' id='word_1_233' title='bbox 1817 3258 1949 3324; x_wconf 79' lang='lat' dir='ltr'><strong>Siciliae</strong></span> <span class='ocrx_word' id='word_1_234' title='bbox 1967 3257 2088 3322; x_wconf 77' lang='lat' dir='ltr'><strong>insule·</strong></span> 
     </span>
     <span class='ocr_line' id='line_1_24' title="bbox 468 3349 2091 3460; baseline -0.004 -20"><span class='ocrx_word' id='word_1_235' title='bbox 468 3391 601 3460; x_wconf 82' lang='lat' dir='ltr'><strong>ruraque</strong></span> <span class='ocrx_word' id='word_1_236' title='bbox 623 3371 836 3434; x_wconf 89' lang='lat' dir='ltr'><strong>adiacentium</strong></span> <span class='ocrx_word' id='word_1_237' title='bbox 860 3383 1038 3453; x_wconf 87' lang='lat' dir='ltr'><strong>comparet;</strong></span> <span class='ocrx_word' id='word_1_238' title='bbox 1072 3369 1162 3434; x_wconf 88' lang='lat' dir='ltr'><strong>cuius</strong></span> <span class='ocrx_word' id='word_1_239' title='bbox 1185 3367 1378 3454; x_wconf 85' lang='lat' dir='ltr'><strong>peculiarem</strong></span> <span class='ocrx_word' id='word_1_240' title='bbox 1399 3349 1558 3458; x_wconf 83' lang='lat' dir='ltr'><strong>quandam</strong></span> <span class='ocrx_word' id='word_1_241' title='bbox 1579 3373 1719 3456; x_wconf 84' lang='lat' dir='ltr'><strong>speciem</strong></span> <span class='ocrx_word' id='word_1_242' title='bbox 1741 3375 1905 3436; x_wconf 89' lang='lat' dir='ltr'><strong>coustituit</strong></span> <span class='ocrx_word' id='word_1_243' title='bbox 1927 3391 2091 3436; x_wconf 73' lang='lat' dir='ltr'><strong>sunum</strong></span> 
     </span>
     <span class='ocr_line' id='line_1_25' title="bbox 467 3477 1804 3570; baseline -0.004 -18"><span class='ocrx_word' id='word_1_244' title='bbox 467 3488 588 3552; x_wconf 79' lang='lat' dir='ltr'><strong>cils&#39;cu-</strong></span> <span class='ocrx_word' id='word_1_245' title='bbox 592 3481 838 3570; x_wconf 70' lang='lat' dir='ltr'><strong>phoenicium</strong></span> <span class='ocrx_word' id='word_1_246' title='bbox 860 3485 1026 3565; x_wconf 77' lang='lat' dir='ltr'><strong>scriptura</strong></span> <span class='ocrx_word' id='word_1_247' title='bbox 1046 3477 1143 3544; x_wconf 90' lang='lat' dir='ltr'><strong>lineis</strong></span> <span class='ocrx_word' id='word_1_248' title='bbox 1165 3483 1261 3548; x_wconf 86' lang='lat' dir='ltr'><strong>rectis</strong></span> <span class='ocrx_word' id='word_1_249' title='bbox 1283 3498 1316 3548; x_wconf 87' lang='lat' dir='ltr'><strong>et</strong></span> <span class='ocrx_word' id='word_1_250' title='bbox 1338 3482 1495 3570; x_wconf 88' lang='lat' dir='ltr'><strong>capitibus</strong></span> <span class='ocrx_word' id='word_1_251' title='bbox 1514 3505 1651 3570; x_wconf 84' lang='lat' dir='ltr'><strong>superae</strong></span> <span class='ocrx_word' id='word_1_252' title='bbox 1675 3488 1804 3570; x_wconf 90' lang='lat' dir='ltr'><strong>apertis.</strong></span> 
     </span>
    </p>
   </div>
   <div class='ocr_carea' id='block_1_9' title="bbox 465 3607 2092 3924">
    <p class='ocr_par' dir='ltr' id='par_1_10' title="bbox 465 3607 2092 3924">
     <span class='ocr_line' id='line_1_26' title="bbox 593 3607 2091 3698; baseline -0.003 -20"><span class='ocrx_word' id='word_1_253' title='bbox 593 3615 628 3696; x_wconf 82' lang='lat'><strong>2)</strong></span> <span class='ocrx_word' id='word_1_254' title='bbox 650 3610 816 3696; x_wconf 86' lang='lat' dir='ltr'><strong>Scriptura</strong></span> <span class='ocrx_word' id='word_1_255' title='bbox 836 3607 1001 3675; x_wconf 88' lang='lat' dir='ltr'><strong>titulorum</strong></span> <span class='ocrx_word' id='word_1_256' title='bbox 1024 3613 1057 3674; x_wconf 94' lang='lat' dir='ltr'><strong>in</strong></span> <span class='ocrx_word' id='word_1_257' title='bbox 1078 3607 1234 3676; x_wconf 88' lang='lat' dir='ltr'><strong>Numidia</strong></span> <span class='ocrx_word' id='word_1_258' title='bbox 1254 3609 1389 3698; x_wconf 82' lang='lat' dir='ltr'><strong>aliisque</strong></span> <span class='ocrx_word' id='word_1_259' title='bbox 1403 3611 1535 3677; x_wconf 85' lang='lat' dir='ltr'><strong>Airicae</strong></span> <span class='ocrx_word' id='word_1_260' title='bbox 1551 3611 1738 3698; x_wconf 86' lang='lat' dir='ltr'><strong>regionibus</strong></span> <span class='ocrx_word' id='word_1_261' title='bbox 1754 3633 1854 3698; x_wconf 89' lang='lat' dir='ltr'><strong>nuper</strong></span> <span class='ocrx_word' id='word_1_262' title='bbox 1877 3623 2091 3698; x_wconf 86' lang='lat' dir='ltr'><strong>repertorum,</strong></span> 
     </span>
     <span class='ocr_line' id='line_1_27' title="bbox 468 3719 2092 3816; baseline -0.004 -22"><span class='ocrx_word' id='word_1_263' title='bbox 468 3749 571 3816; x_wconf 88' lang='lat' dir='ltr'><strong>neque</strong></span> <span class='ocrx_word' id='word_1_264' title='bbox 594 3746 660 3790; x_wconf 90' lang='lat' dir='ltr'><strong>uon</strong></span> <span class='ocrx_word' id='word_1_265' title='bbox 683 3744 850 3788; x_wconf 88' lang='lat' dir='ltr'><strong>numerum</strong></span> <span class='ocrx_word' id='word_1_266' title='bbox 873 3719 1157 3804; x_wconf 63' lang='lat' dir='ltr'><strong>Numidicarum„</strong></span> <span class='ocrx_word' id='word_1_267' title='bbox 1172 3747 1307 3812; x_wconf 88' lang='lat' dir='ltr'><strong>quacum</strong></span> <span class='ocrx_word' id='word_1_268' title='bbox 1335 3727 1370 3788; x_wconf 93' lang='lat' dir='ltr'><strong>iu</strong></span> <span class='ocrx_word' id='word_1_269' title='bbox 1400 3722 1545 3810; x_wconf 89' lang='lat' dir='ltr'><strong>plurimis</strong></span> <span class='ocrx_word' id='word_1_270' title='bbox 1574 3728 1724 3790; x_wconf 82' lang='lat' dir='ltr'><strong>convenit</strong></span> <span class='ocrx_word' id='word_1_271' title='bbox 1750 3745 1919 3790; x_wconf 83' lang='lat' dir='ltr'><strong>nemorum</strong></span> <span class='ocrx_word' id='word_1_272' title='bbox 1951 3723 2092 3810; x_wconf 85' lang='lat' dir='ltr'><strong>hispani·</strong></span> 
     </span>
     <span class='ocr_line' id='line_1_28' title="bbox 465 3833 2092 3924; baseline -0.004 -15"><span class='ocrx_word' id='word_1_273' title='bbox 465 3862 575 3909; x_wconf 89' lang='lat' dir='ltr'><strong>cururu</strong></span> <span class='ocrx_word' id='word_1_274' title='bbox 597 3837 772 3916; x_wconf 89' lang='lat' dir='ltr'><strong>character,</strong></span> <span class='ocrx_word' id='word_1_275' title='bbox 796 3857 896 3922; x_wconf 90' lang='lat' dir='ltr'><strong>quam·</strong></span> <span class='ocrx_word' id='word_1_276' title='bbox 911 3834 1119 3904; x_wconf 64' lang='lat' dir='ltr'><strong>Numidicam</strong></span> <span class='ocrx_word' id='word_1_277' title='bbox 1142 3853 1307 3924; x_wconf 90' lang='lat' dir='ltr'><strong>propterea</strong></span> <span class='ocrx_word' id='word_1_278' title='bbox 1330 3859 1351 3901; x_wconf 91' lang='lat' dir='ltr'><strong>a</strong></span> <span class='ocrx_word' id='word_1_279' title='bbox 1372 3838 1494 3922; x_wconf 89' lang='lat' dir='ltr'><strong>potiora</strong></span> <span class='ocrx_word' id='word_1_280' title='bbox 1515 3834 1675 3922; x_wconf 85' lang='lat' dir='ltr'><strong>appellare</strong></span> <span class='ocrx_word' id='word_1_281' title='bbox 1704 3835 1824 3922; x_wconf 83' lang='lat' dir='ltr'><strong>placet:</strong></span> <span class='ocrx_word' id='word_1_282' title='bbox 1854 3841 2015 3902; x_wconf 86' lang='lat' dir='ltr'><strong>recentior</strong></span> <span class='ocrx_word' id='word_1_283' title='bbox 2034 3833 2092 3902; x_wconf 83' lang='lat' dir='ltr'><strong>illa</strong></span> 
     </span>
    </p>
   </div>
   <div class='ocr_carea' id='block_1_10' title="bbox 329 3948 2216 4152">
    <p class='ocr_par' dir='ltr' id='par_1_11' title="bbox 329 3948 2216 4152">
     <span class='ocr_line' id='line_1_29' title="bbox 469 3948 2216 4038; baseline -0.005 -18"><span class='ocrx_word' id='word_1_284' title='bbox 469 3971 501 4020; x_wconf 93' lang='lat' dir='ltr'><strong>et</strong></span> <span class='ocrx_word' id='word_1_285' title='bbox 522 3955 732 4038; x_wconf 80' lang='lat' dir='ltr'><strong>degenerata,</strong></span> <span class='ocrx_word' id='word_1_286' title='bbox 755 3952 799 4012; x_wconf 89' lang='lat' dir='ltr'><strong>ita</strong></span> <span class='ocrx_word' id='word_1_287' title='bbox 822 3963 927 4014; x_wconf 91' lang='lat' dir='ltr'><strong>tamen</strong></span> <span class='ocrx_word' id='word_1_288' title='bbox 950 3963 1153 4034; x_wconf 89' lang='lat' dir='ltr'><strong>comparata,</strong></span> <span class='ocrx_word' id='word_1_289' title='bbox 1176 3964 1213 4013; x_wconf 92' lang='lat' dir='ltr'><strong>ut</strong></span> <span class='ocrx_word' id='word_1_290' title='bbox 1233 3951 1391 4034; x_wconf 85' lang='lat' dir='ltr'><strong>originem</strong></span> <span class='ocrx_word' id='word_1_291' title='bbox 1410 3969 1500 4012; x_wconf 88' lang='lat' dir='ltr'><strong>auam</strong></span> <span class='ocrx_word' id='word_1_292' title='bbox 1523 3951 1692 4034; x_wconf 79' lang='lat' dir='ltr'><strong>aspriora</strong></span> <span class='ocrx_word' id='word_1_293' title='bbox 1714 3948 1771 4014; x_wconf 91' lang='lat' dir='ltr'><strong>illc</strong></span> <span class='ocrx_word' id='word_1_294' title='bbox 1785 3971 1906 4036; x_wconf 88' lang='lat' dir='ltr'><strong>gauere</strong></span> <span class='ocrx_word' id='word_1_295' title='bbox 1922 3950 2092 4016; x_wconf 74' lang='lat' dir='ltr'><strong>manifesto</strong></span> <span class='ocrx_word' id='word_1_296' title='bbox 2211 3959 2216 3968; x_wconf 90' lang='grc'>’</span> 
     </span>
     <span class='ocr_line' id='line_1_30' title="bbox 329 4057 2092 4152; baseline -0.004 -21"><span class='ocrx_word' id='word_1_297' title='bbox 329 4095 339 4116; x_wconf 84' lang='lat'><strong>·</strong></span> <span class='ocrx_word' id='word_1_298' title='bbox 468 4086 543 4152; x_wconf 87' lang='lat' dir='ltr'><strong>prae</strong></span> <span class='ocrx_word' id='word_1_299' title='bbox 566 4085 601 4130; x_wconf 88' lang='lat' dir='ltr'><strong>se</strong></span> <span class='ocrx_word' id='word_1_300' title='bbox 623 4063 720 4136; x_wconf 87' lang='lat' dir='ltr'><strong>ierat,</strong></span> <span class='ocrx_word' id='word_1_301' title='bbox 741 4064 776 4124; x_wconf 92' lang='lat' dir='ltr'><strong>iu</strong></span> <span class='ocrx_word' id='word_1_302' title='bbox 801 4057 909 4124; x_wconf 88' lang='lat' dir='ltr'><strong>multis</strong></span> <span class='ocrx_word' id='word_1_303' title='bbox 931 4063 1028 4126; x_wconf 87' lang='lat' dir='ltr'><strong>etiam</strong></span> <span class='ocrx_word' id='word_1_304' title='bbox 1050 4063 1265 4126; x_wconf 84' lang='lat' dir='ltr'><strong>monumentis</strong></span> <span class='ocrx_word' id='word_1_305' title='bbox 1284 4059 1409 4126; x_wconf 90' lang='lat' dir='ltr'><strong>litterae</strong></span> <span class='ocrx_word' id='word_1_306' title='bbox 1430 4081 1472 4124; x_wconf 86' lang='lat' dir='ltr'><strong>ex</strong></span> <span class='ocrx_word' id='word_1_307' title='bbox 1494 4075 1629 4146; x_wconf 78' lang='lat' dir='ltr'><strong>unoque</strong></span> <span class='ocrx_word' id='word_1_308' title='bbox 1643 4065 1822 4148; x_wconf 88' lang='lat' dir='ltr'><strong>scripturae</strong></span> <span class='ocrx_word' id='word_1_309' title='bbox 1836 4085 1955 4150; x_wconf 88' lang='lat' dir='ltr'><strong>genere</strong></span> <span class='ocrx_word' id='word_1_310' title='bbox 1972 4065 2092 4128; x_wconf 82' lang='lat' dir='ltr'><strong>mixtae</strong></span> 
     </span>
    </p>
   </div>
   <div class='ocr_carea' id='block_1_11' title="bbox 467 4169 2093 4616">
    <p class='ocr_par' dir='ltr' id='par_1_12' title="bbox 467 4169 1986 4260">
     <span class='ocr_line' id='line_1_31' title="bbox 467 4169 1986 4260; baseline -0.003 -16"><span class='ocrx_word' id='word_1_311' title='bbox 467 4181 551 4256; x_wconf 87' lang='lat' dir='ltr'><strong>siut,</strong></span> <span class='ocrx_word' id='word_1_312' title='bbox 576 4173 659 4238; x_wconf 88' lang='lat' dir='ltr'><strong>aliae</strong></span> <span class='ocrx_word' id='word_1_313' title='bbox 681 4171 794 4258; x_wconf 90' lang='lat' dir='ltr'><strong>plenae</strong></span> <span class='ocrx_word' id='word_1_314' title='bbox 815 4185 846 4234; x_wconf 88' lang='lat' dir='ltr'><strong>et</strong></span> <span class='ocrx_word' id='word_1_315' title='bbox 867 4169 1051 4256; x_wconf 87' lang='lat' dir='ltr'><strong>legitimae,</strong></span> <span class='ocrx_word' id='word_1_316' title='bbox 1074 4169 1158 4236; x_wconf 82' lang='lat' dir='ltr'><strong>uliae</strong></span> <span class='ocrx_word' id='word_1_317' title='bbox 1179 4175 1408 4238; x_wconf 89' lang='lat' dir='ltr'><strong>contractiores</strong></span> <span class='ocrx_word' id='word_1_318' title='bbox 1429 4175 1600 4260; x_wconf 87' lang='lat' dir='ltr'><strong>paucisque</strong></span> <span class='ocrx_word' id='word_1_319' title='bbox 1622 4174 1771 4242; x_wconf 88' lang='lat' dir='ltr'><strong>ductibus</strong></span> <span class='ocrx_word' id='word_1_320' title='bbox 1791 4191 1986 4242; x_wconf 85' lang='lat' dir='ltr'><strong>constantes.</strong></span> 
     </span>
    </p>

    <p class='ocr_par' dir='ltr' id='par_1_13' title="bbox 468 4293 2093 4616">
     <span class='ocr_line' id='line_1_32' title="bbox 597 4293 2092 4392; baseline 0.001 -26"><span class='ocrx_word' id='word_1_321' title='bbox 597 4307 631 4381; x_wconf 86' lang='grc'><strong>3)</strong></span> <span class='ocrx_word' id='word_1_322' title='bbox 655 4301 819 4387; x_wconf 88' lang='lat' dir='ltr'><strong>Scriptura</strong></span> <span class='ocrx_word' id='word_1_323' title='bbox 833 4300 1236 4388; x_wconf 71' lang='lat' dir='ltr'><strong>aegyptiaco-phoenicia</strong></span> <span class='ocrx_word' id='word_1_324' title='bbox 1255 4305 1288 4366; x_wconf 91' lang='lat' dir='ltr'><strong>iu</strong></span> <span class='ocrx_word' id='word_1_325' title='bbox 1309 4305 1524 4368; x_wconf 84' lang='lat' dir='ltr'><strong>monumentis</strong></span> <span class='ocrx_word' id='word_1_326' title='bbox 1537 4307 1734 4392; x_wconf 84' lang='lat' dir='ltr'><strong>aegyptiacis</strong></span> <span class='ocrx_word' id='word_1_327' title='bbox 1747 4308 1933 4390; x_wconf 81' lang='lat' dir='ltr'><strong>conspicua,</strong></span> <span class='ocrx_word' id='word_1_328' title='bbox 1952 4306 1982 4370; x_wconf 84' lang='lat' dir='ltr'><strong>ai</strong></span> <span class='ocrx_word' id='word_1_329' title='bbox 1996 4293 2092 4368; x_wconf 78' lang='lat' dir='ltr'><strong>modu</strong></span> 
     </span>
     <span class='ocr_line' id='line_1_33' title="bbox 468 4412 2093 4504; baseline -0.001 -20"><span class='ocrx_word' id='word_1_330' title='bbox 468 4421 549 4484; x_wconf 85' lang='lat' dir='ltr'><strong>haee</strong></span> <span class='ocrx_word' id='word_1_331' title='bbox 570 4415 739 4501; x_wconf 84' lang='lat' dir='ltr'><strong>phoenicia</strong></span> <span class='ocrx_word' id='word_1_332' title='bbox 761 4427 849 4478; x_wconf 90' lang='lat' dir='ltr'><strong>recte</strong></span> <span class='ocrx_word' id='word_1_333' title='bbox 868 4412 1062 4500; x_wconf 88' lang='lat' dir='ltr'><strong>appellatur,</strong></span> <span class='ocrx_word' id='word_1_334' title='bbox 1085 4415 1361 4502; x_wconf 87' lang='lat' dir='ltr'><strong>quandoquidem,</strong></span> <span class='ocrx_word' id='word_1_335' title='bbox 1383 4439 1463 4504; x_wconf 91' lang='lat' dir='ltr'><strong>quae</strong></span> <span class='ocrx_word' id='word_1_336' title='bbox 1484 4414 1547 4481; x_wconf 90' lang='lat' dir='ltr'><strong>huc</strong></span> <span class='ocrx_word' id='word_1_337' title='bbox 1566 4415 1743 4486; x_wconf 87' lang='lat' dir='ltr'><strong>litterarum</strong></span> <span class='ocrx_word' id='word_1_338' title='bbox 1762 4418 1946 4484; x_wconf 79' lang='lat' dir='ltr'><strong>charactere</strong></span> <span class='ocrx_word' id='word_1_339' title='bbox 1959 4429 2093 4482; x_wconf 82' lang='lat' dir='ltr'><strong>exarata</strong></span> 
     </span>
     <span class='ocr_line' id='line_1_34' title="bbox 470 4525 2091 4616; baseline -0.001 -20"><span class='ocrx_word' id='word_1_340' title='bbox 470 4547 538 4610; x_wconf 85' lang='lat' dir='ltr'><strong>est,</strong></span> <span class='ocrx_word' id='word_1_341' title='bbox 560 4529 672 4614; x_wconf 90' lang='lat' dir='ltr'><strong>lingua</strong></span> <span class='ocrx_word' id='word_1_342' title='bbox 694 4547 757 4590; x_wconf 91' lang='lat' dir='ltr'><strong>nou</strong></span> <span class='ocrx_word' id='word_1_343' title='bbox 780 4525 949 4613; x_wconf 77' lang='lat' dir='ltr'><strong>phoenicia</strong></span> <span class='ocrx_word' id='word_1_344' title='bbox 971 4542 1039 4606; x_wconf 90' lang='lat' dir='ltr'><strong>est,</strong></span> <span class='ocrx_word' id='word_1_345' title='bbox 1061 4529 1118 4592; x_wconf 87' lang='lat' dir='ltr'><strong>sed</strong></span> <span class='ocrx_word' id='word_1_346' title='bbox 1141 4549 1290 4596; x_wconf 86' lang='lat' dir='ltr'><strong>aramaea</strong></span> <span class='ocrx_word' id='word_1_347' title='bbox 1318 4531 1370 4614; x_wconf 85' lang='lat' dir='ltr'><strong>(v.</strong></span> <span class='ocrx_word' id='word_1_348' title='bbox 1388 4527 1446 4594; x_wconf 90' lang='lat' dir='ltr'><strong>lib.</strong></span> <span class='ocrx_word' id='word_1_349' title='bbox 1468 4527 1511 4609; x_wconf 89' lang='lat' dir='ltr'><strong>ll,</strong></span> <span class='ocrx_word' id='word_1_350' title='bbox 1536 4553 1587 4596; x_wconf 92' lang='lat' dir='ltr'><strong>uo.</strong></span> <span class='ocrx_word' id='word_1_351' title='bbox 1609 4537 1661 4596; x_wconf 87' lang='grc'><strong>71.</strong></span> <span class='ocrx_word' id='word_1_352' title='bbox 1683 4531 1765 4612; x_wconf 80' lang='grc'>75),</span> <span class='ocrx_word' id='word_1_353' title='bbox 1792 4531 1971 4616; x_wconf 85' lang='lat' dir='ltr'><strong>scripturae</strong></span> <span class='ocrx_word' id='word_1_354' title='bbox 1992 4531 2091 4594; x_wconf 86' lang='lat' dir='ltr'><strong>etiam</strong></span> 
     </span>
    </p>
   </div>
   <div class='ocr_carea' id='block_1_12' title="bbox 470 4636 2092 4844">
    <p class='ocr_par' dir='ltr' id='par_1_14' title="bbox 470 4636 2092 4844">
     <span class='ocr_line' id='line_1_35' title="bbox 471 4636 2092 4732; baseline -0.001 -23"><span class='ocrx_word' id='word_1_355' title='bbox 471 4663 573 4732; x_wconf 86' lang='lat' dir='ltr'><strong>genua</strong></span> <span class='ocrx_word' id='word_1_356' title='bbox 594 4640 635 4706; x_wconf 87' lang='lat' dir='ltr'><strong>ab</strong></span> <span class='ocrx_word' id='word_1_357' title='bbox 658 4636 715 4704; x_wconf 92' lang='lat' dir='ltr'><strong>illo</strong></span> <span class='ocrx_word' id='word_1_358' title='bbox 734 4641 816 4704; x_wconf 91' lang='lat' dir='ltr'><strong>satia</strong></span> <span class='ocrx_word' id='word_1_359' title='bbox 835 4640 995 4726; x_wconf 87' lang='lat' dir='ltr'><strong>discrepat</strong></span> <span class='ocrx_word' id='word_1_360' title='bbox 1015 4655 1048 4704; x_wconf 92' lang='lat' dir='ltr'><strong>et</strong></span> <span class='ocrx_word' id='word_1_361' title='bbox 1069 4643 1110 4706; x_wconf 90' lang='lat' dir='ltr'><strong>ad</strong></span> <span class='ocrx_word' id='word_1_362' title='bbox 1131 4644 1322 4728; x_wconf 86' lang='lat' dir='ltr'><strong>scripturam</strong></span> <span class='ocrx_word' id='word_1_363' title='bbox 1347 4641 1569 4728; x_wconf 84' lang='lat' dir='ltr'><strong>Palmyreueut</strong></span> <span class='ocrx_word' id='word_1_364' title='bbox 1591 4655 1685 4730; x_wconf 90' lang='lat' dir='ltr'><strong>atque</strong></span> <span class='ocrx_word' id='word_1_365' title='bbox 1705 4643 1787 4708; x_wconf 89' lang='lat' dir='ltr'><strong>adeo</strong></span> <span class='ocrx_word' id='word_1_366' title='bbox 1808 4642 1996 4728; x_wconf 84' lang='lat' dir='ltr'><strong>quadratam</strong></span> <span class='ocrx_word' id='word_1_367' title='bbox 2016 4661 2092 4728; x_wconf 86' lang='lat' dir='ltr'><strong>pru·</strong></span> 
     </span>
     <span class='ocr_line' id='line_1_36' title="bbox 470 4754 699 4844; baseline -0.026 -22"><span class='ocrx_word' id='word_1_368' title='bbox 470 4759 544 4844; x_wconf 86' lang='lat' dir='ltr'><strong>pius</strong></span> <span class='ocrx_word' id='word_1_369' title='bbox 565 4754 699 4819; x_wconf 85' lang='lat' dir='ltr'><strong>accedit.</strong></span> 
     </span>
    </p>
   </div>
   <div class='ocr_carea' id='block_1_13' title="bbox 474 4879 2095 5422">
    <p class='ocr_par' dir='ltr' id='par_1_15' title="bbox 474 4879 2095 5422">
     <span class='ocr_line' id='line_1_37' title="bbox 601 4879 2093 4970; baseline 0.001 -23"><span class='ocrx_word' id='word_1_370' title='bbox 601 4882 776 4948; x_wconf 84' lang='lat' dir='ltr'><strong>Maluimus</strong></span> <span class='ocrx_word' id='word_1_371' title='bbox 798 4895 904 4946; x_wconf 90' lang='lat' dir='ltr'><strong>tamen</strong></span> <span class='ocrx_word' id='word_1_372' title='bbox 933 4884 967 4946; x_wconf 90' lang='lat' dir='ltr'><strong>in</strong></span> <span class='ocrx_word' id='word_1_373' title='bbox 990 4879 1144 4947; x_wconf 87' lang='lat' dir='ltr'><strong>tradenda</strong></span> <span class='ocrx_word' id='word_1_374' title='bbox 1173 4881 1234 4947; x_wconf 88' lang='lat' dir='ltr'><strong>hac</strong></span> <span class='ocrx_word' id='word_1_375' title='bbox 1255 4885 1402 4949; x_wconf 81' lang='lat' dir='ltr'><strong>doctrim</strong></span> <span class='ocrx_word' id='word_1_376' title='bbox 1423 4881 1547 4950; x_wconf 91' lang='lat' dir='ltr'><strong>duobus</strong></span> <span class='ocrx_word' id='word_1_377' title='bbox 1568 4883 1673 4967; x_wconf 88' lang='lat' dir='ltr'><strong>potius</strong></span> <span class='ocrx_word' id='word_1_378' title='bbox 1695 4901 1789 4968; x_wconf 90' lang='lat' dir='ltr'><strong>quam</strong></span> <span class='ocrx_word' id='word_1_379' title='bbox 1811 4883 1913 4948; x_wconf 89' lang='lat' dir='ltr'><strong>tribua</strong></span> <span class='ocrx_word' id='word_1_380' title='bbox 1934 4881 2093 4970; x_wconf 84' lang='lat' dir='ltr'><strong>capitibus</strong></span> 
     </span>
     <span class='ocr_line' id='line_1_38' title="bbox 474 4993 2094 5083; baseline -0.001 -21"><span class='ocrx_word' id='word_1_381' title='bbox 474 4997 558 5062; x_wconf 89' lang='lat' dir='ltr'><strong>hauc</strong></span> <span class='ocrx_word' id='word_1_382' title='bbox 579 4999 743 5059; x_wconf 89' lang='lat' dir='ltr'><strong>materiem</strong></span> <span class='ocrx_word' id='word_1_383' title='bbox 766 4993 1052 5080; x_wconf 87' lang='lat' dir='ltr'><strong>comprehendere,</strong></span> <span class='ocrx_word' id='word_1_384' title='bbox 1085 5017 1188 5081; x_wconf 92' lang='lat' dir='ltr'><strong>neque</strong></span> <span class='ocrx_word' id='word_1_385' title='bbox 1219 4997 1411 5061; x_wconf 82' lang='lat' dir='ltr'><strong>numidicum</strong></span> <span class='ocrx_word' id='word_1_386' title='bbox 1433 4997 1619 5080; x_wconf 87' lang='lat' dir='ltr'><strong>scripturam</strong></span> <span class='ocrx_word' id='word_1_387' title='bbox 1642 4993 1738 5081; x_wconf 88' lang='lat' dir='ltr'><strong>plane</strong></span> <span class='ocrx_word' id='word_1_388' title='bbox 1760 4997 1931 5083; x_wconf 88' lang='lat' dir='ltr'><strong>seiungere</strong></span> <span class='ocrx_word' id='word_1_389' title='bbox 1952 5019 1972 5061; x_wconf 92' lang='lat' dir='ltr'><strong>a</strong></span> <span class='ocrx_word' id='word_1_390' title='bbox 1993 4996 2094 5083; x_wconf 84' lang='lat' dir='ltr'><strong>phos·</strong></span> 
     </span>
     <span class='ocr_line' id='line_1_39' title="bbox 475 5093 2093 5194; baseline 0.001 -19"><span class='ocrx_word' id='word_1_391' title='bbox 475 5111 574 5176; x_wconf 85' lang='lat' dir='ltr'><strong>nicia:</strong></span> <span class='ocrx_word' id='word_1_392' title='bbox 598 5109 754 5193; x_wconf 89' lang='lat' dir='ltr'><strong>siquidem</strong></span> <span class='ocrx_word' id='word_1_393' title='bbox 777 5106 884 5194; x_wconf 90' lang='lat' dir='ltr'><strong>plures</strong></span> <span class='ocrx_word' id='word_1_394' title='bbox 904 5105 1027 5193; x_wconf 87' lang='lat' dir='ltr'><strong>figurae</strong></span> <span class='ocrx_word' id='word_1_395' title='bbox 1053 5093 1232 5171; x_wconf 81' lang='lat' dir='ltr'><strong>numidicae</strong></span> <span class='ocrx_word' id='word_1_396' title='bbox 1254 5111 1318 5172; x_wconf 90' lang='lat' dir='ltr'><strong>ianr</strong></span> <span class='ocrx_word' id='word_1_397' title='bbox 1342 5111 1374 5171; x_wconf 92' lang='lat' dir='ltr'><strong>in</strong></span> <span class='ocrx_word' id='word_1_398' title='bbox 1398 5105 1471 5170; x_wconf 90' lang='lat' dir='ltr'><strong>aliis</strong></span> <span class='ocrx_word' id='word_1_399' title='bbox 1492 5111 1707 5172; x_wconf 89' lang='lat' dir='ltr'><strong>monumentis</strong></span> <span class='ocrx_word' id='word_1_400' title='bbox 1730 5111 1846 5193; x_wconf 88' lang='lat' dir='ltr'><strong>passim</strong></span> <span class='ocrx_word' id='word_1_401' title='bbox 1869 5107 1984 5174; x_wconf 84' lang='lat' dir='ltr'><strong>obviae</strong></span> <span class='ocrx_word' id='word_1_402' title='bbox 2006 5125 2093 5191; x_wconf 82' lang='lat' dir='ltr'><strong>aaut,</strong></span> 
     </span>
     <span class='ocr_line' id='line_1_40' title="bbox 474 5217 2095 5308; baseline 0.001 -22"><span class='ocrx_word' id='word_1_403' title='bbox 474 5235 506 5288; x_wconf 90' lang='lat' dir='ltr'><strong>et</strong></span> <span class='ocrx_word' id='word_1_404' title='bbox 527 5224 713 5286; x_wconf 87' lang='lat' dir='ltr'><strong>universum</strong></span> <span class='ocrx_word' id='word_1_405' title='bbox 738 5219 937 5308; x_wconf 89' lang='lat' dir='ltr'><strong>singularum</strong></span> <span class='ocrx_word' id='word_1_406' title='bbox 958 5219 1135 5284; x_wconf 90' lang='lat' dir='ltr'><strong>litterarum</strong></span> <span class='ocrx_word' id='word_1_407' title='bbox 1158 5233 1293 5284; x_wconf 87' lang='lat' dir='ltr'><strong>stemma</strong></span> <span class='ocrx_word' id='word_1_408' title='bbox 1314 5217 1468 5283; x_wconf 88' lang='lat' dir='ltr'><strong>adhibitis</strong></span> <span class='ocrx_word' id='word_1_409' title='bbox 1488 5221 1585 5282; x_wconf 90' lang='lat' dir='ltr'><strong>etiam</strong></span> <span class='ocrx_word' id='word_1_410' title='bbox 1609 5221 1779 5286; x_wconf 88' lang='lat' dir='ltr'><strong>numidicis</strong></span> <span class='ocrx_word' id='word_1_411' title='bbox 1801 5219 1915 5288; x_wconf 86' lang='lat' dir='ltr'><strong>melius</strong></span> <span class='ocrx_word' id='word_1_412' title='bbox 1937 5238 1969 5288; x_wconf 90' lang='lat' dir='ltr'><strong>et</strong></span> <span class='ocrx_word' id='word_1_413' title='bbox 1985 5225 2095 5289; x_wconf 90' lang='lat' dir='ltr'><strong>doceri</strong></span> 
     </span>
     <span class='ocr_line' id='line_1_41' title="bbox 476 5311 2094 5422; baseline 0.001 -22"><span class='ocrx_word' id='word_1_414' title='bbox 476 5348 581 5422; x_wconf 89' lang='lat' dir='ltr'><strong>potest</strong></span> <span class='ocrx_word' id='word_1_415' title='bbox 602 5347 634 5400; x_wconf 92' lang='lat' dir='ltr'><strong>et</strong></span> <span class='ocrx_word' id='word_1_416' title='bbox 655 5336 806 5422; x_wconf 89' lang='lat' dir='ltr'><strong>perspici.</strong></span> <span class='ocrx_word' id='word_1_417' title='bbox 851 5329 964 5418; x_wconf 88' lang='lat' dir='ltr'><strong>Capite</strong></span> <span class='ocrx_word' id='word_1_418' title='bbox 987 5334 1085 5417; x_wconf 86' lang='lat' dir='ltr'><strong>igitur</strong></span> <span class='ocrx_word' id='word_1_419' title='bbox 1108 5339 1209 5398; x_wconf 80' lang='lat' dir='ltr'><strong>tertio</strong></span> <span class='ocrx_word' id='word_1_420' title='bbox 1234 5332 1483 5398; x_wconf 82' lang='lat' dir='ltr'><strong>uuivemam&#39;de</strong></span> <span class='ocrx_word' id='word_1_421' title='bbox 1510 5333 1669 5418; x_wconf 88' lang='lat' dir='ltr'><strong>scriptura</strong></span> <span class='ocrx_word' id='word_1_422' title='bbox 1689 5333 1859 5419; x_wconf 86' lang='lat' dir='ltr'><strong>phoenicia</strong></span> <span class='ocrx_word' id='word_1_423' title='bbox 1880 5351 1912 5401; x_wconf 88' lang='lat' dir='ltr'><strong>et</strong></span> <span class='ocrx_word' id='word_1_424' title='bbox 1931 5311 2094 5404; x_wconf 83' lang='lat' dir='ltr'><strong>numidica</strong></span> 
     </span>
    </p>
   </div>
   <div class='ocr_carea' id='block_1_14' title="bbox 0 0 2473 6306">
    <p class='ocr_par' dir='ltr' id='par_1_16' title="bbox 0 0 2473 6306">
     <span class='ocr_line' id='line_1_42' title="bbox 0 0 2473 6306; baseline 0 0"><span class='ocrx_word' id='word_1_425' title='bbox 0 0 2473 6306; x_wconf 95' lang='lat' dir='ltr'><strong> </strong></span> 
     </span>
    </p>
   </div>
  </div>
 </body>
</html>
