4938 6302
516 685 557 754 a.
587 640 1105 756 vocaaam'raoaururr
1124 685 1248 756 nruu
1267 685 1475 756 ennacos
1496 687 1557 756 ar
1581 687 1814 758 nomana
1902 693 1982 772 333

354 899 448 968 quam
477 879 583 964 lparur
611 873 655 941 ob
683 895 813 942 cautam
840 877 877 942 ir
903 887 1061 962 aequente
1089 877 1194 942 iudice
1222 875 1401 944 litterarum
1432 875 1651 959 Graecarum,
1685 899 1751 944 ocu
1778 879 1980 960 Latinarum,

353 991 501 1058 ordinem
528 967 631 1056 accuti
661 1011 786 1055 rumas.
837 987 890 1054 Dc
914 988 1044 1086 duobos
1069 992 1212 1072 lautum,
1247 993 1312 1076 spui
1337 993 1415 1058 rutis
1446 989 1571 1079 largam
1600 991 1786 1079 explicandi
1812 996 1981 1060 umreriu

354 1103 451 1174 nobie
479 1101 714 1190 praebuerunt,
751 1098 858 1190 paullo
889 1103 1070 1168 aceuratiua
1108 1101 1203 1168 nobie
1234 1103 1404 1169 dicendum
1439 1119 1501 1172 est.
1552 1101 1647 1170 Unus
1665 1119 1728 1171 ⁴ent
1756 1103 1982 1186 Diosccrtdcr,

353 1214 495 1286 Neronis
518 1215 589 1282 lere
611 1211 773 1302 aequalis,
808 1216 843 1278 iu
867 1213 960 1280 cuiae
981 1233 1078 1300 opere
1103 1215 1145 1280 dc
1164 1223 1309 1282 rectario
1330 1217 1457 1284 medico
1480 1215 1642 1304 plerisqoe
1663 1215 1785 1304 plantis
1801 1240 1983 1302 synonyma

353 1330 501 1410 Ριιιιίιι,
534 1327 756 1416 Aegyptiace,
792 1323 963 1406 Romane,
1000 1325 1152 1408 Gallica,
1189 1327 1336 1410 Dacico,
1373 1325 1533 1415 adscripta
1571 1333 1793 1416 reperiuntur,
1832 1339 1914 1418 quae
1945 1336 1980 1397 iu

353 1441 503 1508 omuibus
515 1438 608 1504 libris
625 1443 759 1504 vetustis
784 1439 880 1526 (sunt
895 1453 1002 1504 autern
1017 1441 1051 1504 io
1067 1439 1129 1506 boc
1144 1444 1300 1527 scriptore
1323 1445 1533 1507 amantissimi
1554 1457 1586 1508 et
1608 1446 1748 1528 optimae
1770 1455 1883 1523 uotae,
1908 1447 1986 1510 vide

352 1552 534 1642 Sprengelii
564 1551 698 1640 praefat.
729 1551 774 1616 ad·
798 1551 981 1617 Dinocorid.
1012 1562 1040 1638 p
1070 1552 1204 1637 XVIII)
1235 1551 1331 1620 obvia
1360 1555 1459 1620 editio
1489 1557 1636 1642 priucaps
1665 1553 1786 1621 Aldina
1814 1559 1884 1622 siue
1915 1555 1982 1620 ulla

352 1667 559 1732 distinctione
587 1669 620 1730 iu
652 1679 775 1729 textum
803 1667 941 1749 recepit,
961 1663 1142 1732 'Asulauua
1167 1687 1246 1734 vero
1280 1681 1374 1752 atque
1403 1665 1578 1732 Marcellus
1603 1665 1770 1755 Vergilius
1799 1671 1839 1734 ad
1869 1674 1980 1756 spuria

352 1780 580 1846 emendarunt:
617 1775 833 1863 adstipulante
862 1779 959 1846 etiem
987 1776 1164 1844 Lambccio
1191 1779 1264 1863 (dc
1281 1777 1360 1846 bibl.
1396 1778 1538 1846 Vindob.
1568 1777 1668 1846 lib.2
1697 1801 1770 1868 pag.
1794 1785 1895 1864 593),
1925 1785 1980 1869 qai

352 1894 463 1980 potius
496 1888 665 1980 Pamphilo
694 1891 819 1956 cuidam
848 1893 1058 1976 grammatino
1086 1911 1107 1955 a
1135 1888 1260 1957 Galeuo
1281 1889 1412 1958 laudato
1442 1891 1524 1958 haec
1545 1914 1723 1978 synonyma
1753 1893 1883 1975 tribuit,
1926 1898 1994 1960 oui

353 2005 483 2092 quidem
503 2001 595 2092 plura
616 2005 769 2091 opposuit
788 2001 997 2091 Sprengclius
1019 2001 1043 2068 l.
1064 2023 1093 2072 a.
1116 2024 1188 2090 pag.
1206 2002 1300 2070 XVI.
1346 2002 1454 2082 Quam
1477 2007 1607 2093 quidam
1628 2027 1757 2074 cauatun
1781 1992 1877 2093 quum
1900 2007 1933 2072 b.
1957 2005 1980 2072 l.
2081 2091 2083 2095 ι
2180 2023 2182 2028 ·

352 2118 516 2204 disputare
543 2115 677 2204 longum
706 2119 768 2195 sit,
805 2137 906 2181 uuum
937 2118 1099 2182 monuisse
1127 2115 1283 2196 sufficiat,
1316 2137 1497 2202 synonyma
1523 2131 1557 2186 et
1582 2116 1781 2206 Aegyptiace
1802 2134 1835 2184 et
1859 2119 1980 2186 Punica

352 2231 396 2298 ita
428 2244 610 2316 comparata
631 2249 723 2308 essa,
745 2241 782 2294 ut
802 2249 875 2296 cem
897 2229 1115 2316 Aegyptiam
1136 2242 1169 2292 ct
1190 2227 1333 2296 Punicae
1354 2228 1538 2316 linguarum
1555 2230 1672 2318 opibua
1693 2229 1823 2298 aliunde
1844 2235 1982 2319 coguitis

353 2341 438 2408 boue
459 2343 663 2429 conspirent,
693 2355 737 2422 et,
762 2345 792 2408 ai
814 2343 912 2408 ruodo
932 2341 1067 2407 vulnera
1086 2365 1106 2407 a
1128 2333 1270 2407 liorariis
1292 2341 1417 2408 inflicta
1436 2342 1556 2430 ubique
1577 2345 1685 2408 moeri
1707 2347 1848 2430 perciet,
1880 2347 1979 2410 mxi·

352 2477 437 2522 mata
452 2467 581 2542 ,partera
601 2456 641 2520 od
666 2457 826 2543 originem
847 2459 884 2520 in
906 2450 958 2520 bia
978 2453 1098 2542 lingula
1120 2453 1266 2520 revocari
1287 2475 1401 2541 posset
1423 2457 1457 2520 id
1476 2455 1560 2543 quod
1578 2457 1610 2520 iu
1623 2455 1830 2542 Aegyptiacis
1851 2461 1982 2544 egregie

351 2570 511 2656 praestitit
530 2567 691 2656 ignatias
710 2569 851 2634 motae
870 2571 905 2633 iu
919 2567 1141 2654 Etparolcgr‘r'r
1163 2575 1333 2654 aegyptiis
1356 2566 1498 2651 (Romae
1522 2569 1642 2651 1808),
1671 2569 1706 2632 iu
1730 2569 1861 2634 Punicis
1881 2583 1981 2635 tenta·

352 2696 429 2748 rant
445 2677 650 2761 Bochartus,
678 2703 717 2746 ac
737 2680 946 2770 Spreagelius
968 2681 1011 2748 ad
1032 2679 1259 2746 Dioscoridem
1282 2693 1316 2744 et
1336 2682 1370 2744 in
1395 2679 1469 2744 hiet.
1491 2681 1540 2744 rei
1565 2677 1736 2744 herbariae
1757 2677 1798 2745 Τ.
1815 2681 1840 2744 I.
1863 2703 1894 2768 p.
1918 2687 1982 2748 226

351 2799 477 2862 -aaa
527 2791 681 2880 Quisquis
709 2795 809 2880 Igitur
832 2791 967 2881 collegit
992 2795 1056 2858 ista
1083 2811 1279 2878 synonyma3
1313 2784 1455 2857 dubitari
1486 2809 1549 2856 noa
1578 2803 1703 2876 potest,
1740 2794 1816 2879 quin
1838 2793 1981 2880 genuina

350 2907 434 2986 sint,
470 2908 660 2992 praesertIm
692 2925 790 2994 quoru
826 2905 915 2994 ipsos
946 2905 1045 2972 Afros
1081 2908 1128 2970 rei
1161 2903 1332 2970 herbariae
1370 2924 1500 2990 operam
1531 2903 1659 2969 dedisse
1687 2901 1818 2969 aliunde
1855 2921 1981 2971 constet

352 3023 404 3106 (p
426 3024 527 3104 att).
576 3015 731 3086 Ceterum
759 3019 802 3086 de
830 3019 938 3086 {orma
964 3019 1082 3086 1ιοιιιι
1107 3020 1275 3084 nominum
1303 3015 1480 3080 notandum
1508 3028 1579 3096 est,
1615 3017 1649 3080 in
1682 3017 1847 3084 codicibus
1875 3039 1914 3084 ee
1935 3021 1982 3084 ita

351 3134 472 3218 scripta
496 3151 590 3212 ersa,
626 3145 664 3198 ut
689 3146 862 3220 appareat,
896 3130 1052 3199 librariae
1067 3153 1107 3198 ea
1128 3129 1291 3198 scribendi
1312 3141 1344 3194 et
1366 3127 1603 3217 pronunciandi
1623 3127 1774 3214 methodo
1796 3152 1873 3196 usos
1895 3153 1980 3211 esse,

352 3265 433 3332 quae
454 3243 596 3311 Ιιισὶιιιιί
620 3247 752 3312 nomiae
773 3245 967 3332 insignitur,
990 3249 1036 3310 ite
1056 3259 1092 3311 nt
1108 3243 1309 3332 dorrippoid,
1329 3239 1499 3330 ἀσίρῥισοι,
1520 3239 1653 3326 detdic,
1674 3240 1818 3327 ἀχοιοσίμ
1837 3267 1980 3331 pronun·

352 3337 468 3423 manda
490 3361 556 3422 siat
577 3365 680 3437 andr,
711 3357 791 3445 got,
815 3363 966 3436 cm'rrr‘m',
991 3357 1102 3437 ttdrn,
1125 3356 1281 3424 colatoria·
1303 3355 1362 3424 rel.
1404 3355 1497 3424 Alter
1510 3354 1605 3422 huius
1619 3357 1750 3443 generis
1764 3354 1848 3422 liber
1862 3355 1981 3424 similia

351 3467 531 3558 plantarum
552 3491 731 3556 synonyma
756 3472 923 3536 continens
943 3485 994 3535 eat
1013 3468 1184 3534 Arruumr
1205 3469 1445 3538 Mudumettrr'r
1465 3469 1555 3549 Afri
1574 3468 1614 3533 de
1634 3467 1746 3534 lerdis
1766 3491 1792 3534 s.
1815 3470 1857 3536 de
1879 3477 1980 3536 norti-

350 3581 447 3649 atter
482 3595 517 3648 et
544 3583 724 3650 eructibus
754 3581 926 3648 totamm
956 3579 1088 3648 Ilbollus
1119 3585 1204 3648 inter
1231 3579 1384 3668 Appuleji
1420 3601 1520 3666 opera
1556 3581 1661 3646 editur
1701 3583 1737 3647 iu
1774 3583 1981 3650 EditioaIbus

352 3693 592 3762 Basilensibcs:
627 3698 801 3783 reparatim
824 3689 941 3783 'l'iguri
964 3699 1047 3762 1537
1068 3715 1140 3761 cum
1163 3695 1394 3768 commereario
1413 3689 1691 3780 Hammelbergii,
1715 3707 1750 3758 et
1762 3697 1845 3760 1788
1858 3696 1981 3760 editore

350 3785 598 3889 Aolrertnauuo,
635 3807 675 3874 de
697 3809 788 3874 cuiue
811 3807 976 3874 authentia
997 3830 1061 3873 non
1086 3811 1192 3872 minor
1213 3819 1263 3872 est
1290 3808 1457 3872 deuterum
1480 3803 1646 3871 hominum
1670 3806 1847 3884 dissensio,
1885 3827 1979 3892 quam

351 3921 392 3985 de
417 3917 619 3986 Dioscoridir
649 3919 775 4004 nothis,
815 3943 846 3988 v.
870 3917 895 3987 L
919 3916 1065 3988 Besechu
1096 3921 1136 3986 de
1158 3921 1286 4006 seriptis
1307 3915 1461 4005 Appoleii
1483 3921 1519 3983 in
1539 3915 1692 4004 Appuleil
1715 3915 1980 4004 Oudendorpiani

349 4029 393 4098 Τ.
417 4031 467 4098 III
486 4055 516 4120 p.
539 4040 702 4101 ata-24
730 4049 763 4100 et
791 4033 961 4122 Sprengel.
990 4034 1065 4100 hiet.
1094 4035 1142 4098 rei
1169 4031 1342 4098 herbariae
1370 4027 1412 4099 Τ.
1435 4031 1449 4097 I
1478 4053 1511 4118 p.
1535 4035 1615 4110 199,
1651 4031 1706 4117 qui
1727 4051 1826 4096 sanae
1849 4033 1981 4098 criticae

350 4145 435 4214 liaeo
463 4147 533 4216 iere
560 4149 725 4214 excedens
751 4143 852 4214 recoli
881 4148 1063 4213 duodecimi
1089 4145 1142 4212 vel
1167 4148 1253 4212 tertii
1281 4145 1398 4211 decimi
1426 4141 1584 4210 monacho
1613 4142 1699 4208 lrunc
1717 4141 1835 4209 librutn
1858 4143 1980 4211 tribuit.

349 4259 457 4328 Huius
487 4263 574 4328 euim
604 4258 707 4326 llbelli
738 4281 845 4328 sermo
874 4281 973 4348 purum
999 4259 1042 4326 ab
1068 4257 1220 4346 AppuleIi
1247 4279 1398 4324 sermone
1428 4259 1615 4323 eromuino
1637 4257 1871 4344 ascriptorurn
1895 4255 1982 4322 Ant·

311 4383 314 4394 ⁴
349 4395 502 4440 canorum
534 4395 593 4440 aso
624 4379 725 4465 prope*
750 4371 851 4451 absit,
885 4371 1067 4461 plantarum
1097 4375 1194 4438 etiarn
1229 4375 1361 4437 nomina
1391 4371 1513 4436 Punica
1545 4367 1641 4436 huius
1679 4367 1810 4456 linguae
1838 4367 1980 4434 indolem

350 4485 482 4554 aliunde
509 4487 672 4574 cognitam
692 4506 772 4574 pree
794 4506 830 4550 se
852 4485 977 4566 ierant,
1005 4487 1152 4573 equidem
1174 4481 1226 4549 vel
1250 4487 1314 4572 ipsi
1334 4481 1495 4570 Appuleio
1516 4477 1683 4548 Platonico
1706 4501 1779 4546 eum
1802 4481 1980 4562 tribuerim,

350 4597 423 4678 vel,
458 4601 488 4664 si
510 4597 594 4664 toro
622 4599 849 4685 superstitiosa
877 4598 973 4666 buiur
995 4597 1072 4666 libri
1092 4597 1220 4663 indoles
1242 4596 1284 4662 ab
1307 4597 1447 4664 hominis
1471 4594 1628 4662 Platonici
1648 4597 1782 4681 ingenio
1805 4591 1995 4660 abhorrere*

350 4712 515 4791 videatur,
543 4709 706 4798 Appuleio
737 4711 948 4782 Madaurensi
976 4711 1094 4799 Mago,
1129 4713 1221 4777 cuiue
1237 4711 1334 4798 ¹apud
1354 4709 1572 4796 Augustinum
1602 4729 1665 4772 uon
1697 4703 1798 4772 semel
1820 4728 1885 4770 una
1907 4729 1979 4772 cum

349 4821 526 4912 ApollonIo
555 4823 715 4910 Thyaaao
742 4825 863 4891 mentio
884 4838 937 4904 eat
967 4827 1018 4912 (ι.
1040 4827 1132 4910 epist
1157 4829 1220 4890 102
1248 4827 1277 4904 1.
1307 4828 1359 4888 32.
1389 4859 1427 4872 -
1467 4825 1547 4910 tao,
1568 4824 1640 4886 137.
1676 4821 1776 4904 138),
1822 4841 1979 4908 quemque

352 4937 386 5004 ia
410 4936 591 5006 beccense
613 4939 948 5004 namiaiiumentem
971 4939 1099 5005 veulssa
1122 4937 1231 5002 miror.
2008 4947 2013 4957 '
2080 4919 2082 4926 ’

338 5089 352 5126 ,
479 5053 510 5116 3.
554 5049 752 5134 Vocabuliu,
789 5071 925 5138 quorum
952 5053 1046 5137 origo
1075 5047 1252 5116 Phoenicia
1285 5027 1364 5119 satis
1392 5043 1560 5132 explorata
1594 5057 1661 5122 eat,
1697 5058 1825 5132 praeter
1853 5043 1980 5133 glumas

350 5182 427 5232 mox
447 5165 665 5234 recensendas
684 5151 1005 5232 attru‘enuunernrt
1026 5176 1174 5248 pomum:
1202 5161 1237 5247 a)
1257 5157 1435 5226 litterarum
1459 5156 1693 5225 Hebraicarum
1717 5159 1849 5226 nomina
1872 5159 1979 5254 (aba,

350 5295 423 5364 roa„
448 5278 504 5372 btpt¹
522 5277 621 5362 cet),
643 5299 776 5365 quarum
793 5277 897 5342 forma
909 5278 1116 5364 grammatica
1130 5274 1170 5339 ab
1190 5271 1385 5340 Hebrcismo
1398 5270 1577 5359 paullulum
1600 5272 1783 5358 discrepans
1807 5274 1892 5368 (aba
1921 5293 1981 5361 pro

350 5387 440 5482 aba)
476 5393 586 5456 aescin
619 5411 660 5456 aa
695 5389 889 5457 Phoenicium
927 5388 1057 5477 linguae
1087 5386 1256 5454 tribuenda
1286 5387 1346 5452 rit:
1397 5385 1432 5474 b)
1461 5407 1567 5454 rarum
1596 5379 1847 5452 Phoeniciarum
1875 5383 1928 5452 vel
1957 5407 1978 5450 a
