4924 6304
389 649 685 720 MONUMENTA
706 649 855 720 sumta.
878 651 1066 721 AEGYPT.
1107 649 1236 720 LXXI.
1258 651 1441 722 MONUM.
1462 653 1833 726 CARPENTORAC'll
1875 665 1953 739 227

329 863 437 908 serata
470 837 648 908 litterarum
677 853 866 926 potestatem
890 845 1005 928 partim
1027 862 1070 906 ex
1092 840 1285 907 Phoenicius
1307 847 1484 931 scripturae
1502 843 1732 926 similitudine,
1765 851 1882 935 partim
1911 873 1954 917 ex

327 969 480 1022 contextu
503 955 687 1041 indagavit,
717 969 766 1034 et,
800 975 863 1040 qua
884 967 953 1020 erat
974 957 1007 1020 in
1031 953 1082 1020 lris
1105 953 1249 1020 sollertia
1272 971 1305 1019 et
1324 959 1517 1042 sagacitate,
1540 960 1833 1046 interpretationem
1853 965 1952 1042 dedit,

192 1147 200 1160 ο
326 1072 363 1133 in
385 1088 448 1155 qua
469 1069 567 1132 etiarn
590 1089 676 1132 nnuc
696 1089 760 1132 nen
783 1069 864 1132 adeo
888 1066 989 1132 multa
1009 1079 1103 1146 sunt,
1137 1089 1218 1154 quae
1240 1070 1402 1134 emendes.
1446 1068 1557 1135 Solam
1586 1076 1797 1157 posteriorem
1827 1090 1952 1162 partem

327 1179 405 1246 inde
426 1201 446 1244 a
465 1177 523 1246 lin.
546 1185 566 1246 3
588 1181 673 1246 nted.
695 1183 845 1246 intactam
868 1178 1018 1266 reliquit,
1040 1193 1090 1258 et,
1113 1181 1197 1267 quod
1220 1183 1323 1267 tnagis
1338 1183 1474 1261 mirum,
1499 1184 1539 1248 de
1554 1182 1715 1250 Aramaeo
1733 1189 1952 1274 inscriptionis
2007 1193 2011 1198 '

326 1293 497 1371 idiomate,
525 1293 611 1381 quud
632 1296 734 1378 ipsius
755 1291 927 1378 explicatio
949 1291 1099 1371 exhibet,
1137 1313 1178 1356 na
1204 1291 1336 1356 verbulo
1364 1296 1491 1380 quidem
1512 1298 1689 1364 admonuit.
1731 1299 1828 1364 Hunc
1851 1323 1953 1386 paene

327 1426 385 1492 per
406 1407 515 1470 omnia
536 1407 679 1492 seqnitur
699 1404 840 1470 Gabriel
860 1402 1006 1489 Fudrs'cy
1031 1407 1091 1518 (dp
1113 1403 1249 1470 Joannis
1270 1403 1418 1489 Hyrcani
1441 1430 1537 1473 numo
1560 1407 1599 1474 Τ.
1620 1410 1676 1494 l),
1708 1414 1770 1476 nisi
1792 1415 1876 1499 quod
1898 1413 1957 1494 hic¹

328 1521 426 1584 etiam
457 1522 490 1583 in
521 1531 667 1583 extrema
696 1531 785 1604 parte
806 1516 1105 1610 explicandalviree
1127 1516 1342 1604 periclitatur;
1375 1517 1440 1583 alia
1461 1532 1623 1586 tentarunt
1643 1521 1855 1590 Trcnssnms
1876 1525 1951 1594 l.=c.

328 1631 482 1696 Koreton
513 1629 572 1711 (Β.
596 1629 662 1694 und
684 1629 776 1694 Schr.
800 1629 850 1708 ll,
877 1629 959 1716 234)
995 1645 1028 1695 et
1048 1629 1258 1696 Himeraeus
1281 1632 1695 1722 (disrumpes-⁷1),
1725 1641 1771 1702 ita
1790 1653 1896 1704 tamen
1918 1655 1954 1707 ut

327 1747 362 1810 in
383 1743 494 1810 multis
515 1765 535 1808 a
556 1763 634 1808 sera
655 1745 708 1808 via
728 1741 928 1808 declinarent
949 1746 1072 1830 magis,
1102 1767 1197 1831 quam
1218 1742 1482 1828 Bartheleruynm
1504 1745 1556 1810 vel
1577 1747 1761 1834 supplerent
1776 1750 1829 1815 vel
1845 1774 1953 1818 emen-

328 1857 461 1935 darent,
499 1855 533 1922 id
563 1856 648 1942 qnod
675 1858 709 1920 in
738 1859 924 1920 uniuersum
947 1859 1044 1920 etiam
1066 1859 1106 1922 de
1129 1879 1213 1923 noro
1234 1857 1356 1922 Lancrr
1378 1857 1519 1943 periculo
1543 1861 1710 1926 dicendum
1733 1877 1803 1944 est,
1832 1867 1866 1930 in
1889 1885 1951 1953 qno

327 1969 533 2036 diiudicanda
566 1981 599 2032 et
629 1967 807 2034 refellendo
835 1966 928 2034 nobis
957 1971 1056 2034 otium
1091 1970 1239 2036 lecerunt
1266 1971 1478 2062 Roqu‘geres
1511 1970 1619 2058 (Attg.
1647 1973 1726 2039 Litt.
1756 1975 1838 2043 Zeit.
1866 1985 1950 2046 1828

327 2080 372 2148 Τ.
390 2081 446 2148 111.
468 2104 499 2168 p.
523 2081 607 2168 267)
628 2103 696 2168 sqq.
731 2094 764 2146 et
784 2080 926 2146 Beers'ss
946 2079 969 2145 l.
992 2103 1019 2146 c.
1048 2079 1109 2168 (ci.
1136 2083 1259 2166 inira):
1298 2104 1478 2168 quanquam
1504 2082 1592 2148 illius
1622 2085 1662 2150 de
1691 2103 1836 2156 extrema
1862 2107 1952 2178 parte

328 2195 528 2262 restituenda
550 2216 644 2259 curae
667 2215 738 2260 cum
760 2192 855 2258 laude
876 2195 1099 2282 agnoscendae
1120 2209 1196 2259 snut
1216 2193 1360 2281 nihilque
1382 2197 1516 2282 cogitari
1537 2211 1642 2282 potest
1665 2199 1816 2267 iniustius
1833 2208 1952 2289 pariter

329 2325 424 2394 atque
440 2308 620 2384 indoctius,
642 2327 738 2392 quarn
754 2328 834 2392 qnae
847 2307 1001 2393 Angelus
1012 2307 1130 2391 Mnjss
1144 2309 1184 2372 de
1197 2309 1309 2372 eodem
1322 2308 1515 2373 documento
1533 2323 1645 2375 contra
1664 2312 1822 2379 Lancium
1844 2315 1952 2403 dispu-

328 2422 409 2486 tavit
430 2421 464 2485 in
485 2418 588 2486 libro:
629 2417 791 2506 catalogo
813 2420 864 2484 de’
887 2421 1012 2506 Papiri
1036 2418 1205 2506 Egtas'nss'
1234 2420 1324 2486 della
1351 2419 1528 2486 biblioteca
1562 2423 1727 2490 Vaticano
1756 2447 1816 2492 cos
1834 2437 1951 2514 preus‘s

329 2532 473 2598 discorso
494 2555 524 2619 p.
546 2539 582 2598 31
597 2538 694 2597 -78.
736 2530 966 2596 Doctissimum
988 2535 1252 2598 commentarium
1274 2534 1343 2618 ipse
1363 2533 1452 2598 dedit
1472 2531 1607 2600 Beerius
1638 2535 1659 2600 1.
1683 2559 1710 2604 c.
1733 2560 1804 2626 pug.
1826 2545 1847 2605 9
1870 2564 1950 2630 sqq,

329 2647 384 2732 qni
404 2644 540 2712 aliorum
562 2667 687 2731 quoque
709 2659 844 2710 conatus
861 2643 1009 2730 singulos
1026 2643 1158 2724 sobrio,
1195 2666 1257 2732 quo
1280 2657 1346 2722 est,
1383 2646 1503 2710 iudicio
1533 2647 1731 2714 diiudicavit.

457 2765 489 2824 2.
541 2756 671 2826 luitium
701 2757 858 2823 iaciamus
886 2757 928 2822 ab
957 2756 1158 2844 explicandis
1186 2759 1385 2822 monumenti
1411 2757 1625 2844 imaginibus,
1663 2783 1744 2849 quse
1773 2785 1843 2829 cunr
1866 2766 1951 2834 tituli

329 2885 518 2958 argumento
533 2885 621 2936 arcta
634 2871 870 2935 necessitudine
885 2873 1074 2936 coniunctae
1086 2883 1180 2950 sunt,
1209 2885 1242 2934 et
1255 2870 1375 2935 dudum
1393 2869 1486 2935 docte
1500 2869 1673 2958 explicitae
1689 2897 1709 2940 a
1724 2873 1951 2964 Barthelemyo
1979 2901 1982 2908 ’

331 2982 356 3050 l.
378 3005 426 3064 c.,
464 2998 497 3048 et
523 2983 647 3050 Lancia
676 2981 699 3048 l.
728 3005 756 3048 c.
785 3005 815 3069 p.
838 2987 880 3049 79
901 3005 986 3070 sqq.;
1027 3005 1160 3071 quarum
1182 2982 1304 3048 similes
1333 2989 1643 3068 repraesentationes
1673 2989 1707 3052 in
1736 2995 1950 3059 monumentis

328 3095 535 3183 Aegyptiacis
559 3117 622 3162 non
644 3117 737 3162 rarae
766 3109 852 3162 sunt.
903 3094 1010 3162 Unam
1037 3117 1114 3162 mox
1142 3095 1361 3162 describemus
1390 3097 1466 3182 (no.
1487 3097 1641 3184 Lxxtt)
1672 3115 1705 3164 et
1733 3123 1793 3166 sex
1814 3101 1895 3172 elias
1916 3109 1950 3171 in
1978 3085 1980 3091 Α

331 3207 448 3276 Museo
483 3207 672 3274 Britannico
708 3231 807 3294 nuper
843 3209 1000 3288 vidimus,
1039 3231 1121 3294 qnae
1156 3229 1176 3272 a
1205 3223 1316 3274 nostra
1344 3211 1377 3273 in
1407 3230 1448 3274 eo
1479 3223 1601 3276 tanturn
1631 3214 1828 3300 discrepant,
1865 3219 1952 3306 quod

330 3325 554 3409 inscriptiones
576 3320 694 3388 babent
715 3319 991 3407 hieroglyphicas,
1029 3343 1092 3384 non
1113 3319 1276 3386 litterales.
1726 3413 1734 3418 -

457 3435 510 3500 De
525 3449 635 3498 nostro
653 3447 859 3498 monumento
873 3435 1145 3520 praemonendum
1162 3448 1222 3512 est,
1246 3447 1367 3519 partem
1382 3437 1452 3500 eius
1466 3439 1683 3522 superiorem,
1706 3461 1787 3524 quae
1800 3444 1833 3506 in
1849 3445 1952 3528 prima

331 3547 464 3636 Rigordi
478 3545 692 3618 delineatione
708 3547 808 3626 deest,
826 3549 880 3610 vix
895 3558 926 3610 et
941 3566 980 3609 ne
997 3548 1051 3610 vix
1068 3547 1194 3632 quidem
1209 3547 1384 3632 genuinam
1396 3569 1479 3626 esse,
1494 3549 1551 3614 sed
1561 3547 1730 3636 alligordo
1745 3551 1952 3620 instauratam

331 3658 590 3744 (r.Barthelemy
605 3657 686 3744 l.c.),
702 3681 722 3724 a
739 3658 832 3724 nobis
846 3671 1016 3746 propterea
1029 3657 1093 3724 tab.
1109 3663 1150 3722 29
1166 3661 1329 3724 omissam.
1354 3656 1445 3735 Quae
1460 3681 1533 3744 pars
1547 3663 1688 3746 genuina
1703 3677 1763 3740 est,
1778 3685 1818 3728 es
1832 3668 1866 3730 in
1882 3670 1953 3731 uni·

332 3795 462 3838 versum
476 3775 546 3837 rudi
563 3786 631 3836 arte
645 3772 730 3836 lacta
751 3785 811 3853 est,
834 3769 910 3836 olim
924 3767 1086 3836 coloribus
1100 3769 1236 3850 iniecta,
1260 3791 1344 3834 nunc
1357 3759 1504 3857 magnam
1524 3787 1643 3858 partem
1660 3775 1815 3840 evanidis.
1858 3775 1953 3842 Utra-

332 3909 396 3974 que
415 3885 523 3951 tubula
543 3885 583 3952 ad
606 3881 772 3949 mulierem
795 3883 933 3948 relertur
955 3877 1057 3970 nuper
1079 3897 1252 3963 mortuam,
1275 3903 1356 3970 quae
1375 3884 1408 3947 in
1426 3884 1578 3949 inferiore
1595 3899 1684 3970 parte
1700 3887 1825 3952 sistitur
1840 3909 1952 3956 recens

333 4013 447 4078 uncta,
479 4001 511 4064 in
533 4001 700 4086 superiore
723 3981 795 4083 p'cat
816 3997 989 4062 adventum
1013 3999 1046 4060 in
1070 4017 1145 4062 orco
1177 3993 1377 4084 (Amentlrc)
1408 3993 1532 4062 Osiridi
1554 3999 1638 4062 dona
1660 3997 1779 4063 serens.
1822 3999 1860 4066 ln
1893 4001 1953 4069 hac

332 4115 431 4200 igitur
461 4111 561 4177 habes
592 4133 611 4175 a
640 4113 771 4176 sinistre
799 4109 981 4189 Osiridem,
1021 4110 1135 4174 dextra
1157 4107 1340 4199 flagellum,
1375 4111 1507 4176 sinistra
1527 4108 1642 4175 lituum
1664 4124 1843 4194 tenentem,
1870 4114 1953 4183 solio

331 4225 543 4303 insidentem,
580 4247 663 4311 pone
685 4245 758 4290 cunr
781 4227 849 4288 sive
871 4221 990 4286 Isidem
1021 4224 1076 4307 (ut
1098 4219 1165 4287 vult
1188 4219 1456 4308 Barthclemyus)
1477 4225 1546 4286 sive
1570 4222 1695 4288 Horum
1719 4221 1822 4290 lilium
1846 4230 1953 4317 (quod

332 4337 468 4404 suadent
488 4335 610 4404 similes
632 4341 809 4424 imagines,
836 4355 867 4398 v.
889 4333 966 4399 Hirt
986 4335 1066 4400 iiber
1089 4335 1142 4400 die
1163 4331 1305 4421 Bildung
1327 4335 1385 4402 der
1403 4343 1511 4422 figypt.
1534 4333 1720 4402 Gottheitcn
1747 4359 1778 4424 p.
1798 4343 1849 4409 36.
1871 4341 1953 4421 48);

334 4465 409 4517 ante
431 4453 572 4517 numinis
592 4453 766 4538 imaginem
788 4469 933 4513 mensam
954 4461 1102 4535 quattuor
1123 4447 1271 4513 ordinum
1298 4469 1395 4535 quant
1420 4447 1493 4514 aliis
1515 4447 1612 4514 rebus
1634 4463 1701 4513 tum
1725 4453 1805 4516 varii
1825 4455 1953 4538 generis

333 4562 414 4631 cibis
437 4577 604 4644 onustans,
634 4565 690 4649 qui
716 4561 904 4626 lectisternii
932 4563 1034 4626 instar
1059 4561 1121 4626 diis
1149 4563 1267 4647 apponi
1295 4559 1451 4626 solebant.
1500 4559 1537 4627 In
1560 4583 1709 4647 supremo
1739 4565 1858 4629 ordine
1879 4579 1955 4631 sunt

334 4680 475 4766 quinque
511 4697 588 4742 arec
623 4673 807 4764 portatiles,
843 4671 1016 4752 odoribus,
1048 4687 1084 4738 ut
1116 4673 1261 4752 videtur,
1297 4687 1331 4740 et
1365 4690 1455 4761 pasta
1492 4673 1549 4740 illa
1586 4675 1747 4740 odorifera
1782 4675 1902 4762 Kypds’
1934 4701 1962 4762 a,

334 4790 505 4858 Plutarcho
527 4791 686 4874 descripta
708 4789 762 4874 (de
775 4785 859 4854 laide
874 4801 906 4852 et
920 4783 1041 4850 Osirid.
1057 4807 1087 4871 p.
1103 4787 1186 4866 372)
1207 4798 1325 4852 tecue:
1348 4787 1542 4852 insecundo
1563 4785 1703 4878 paniculi
1725 4800 1757 4852 et
1776 4790 1840 4853 duo
1862 4811 1954 4859 vasa:

333 4907 369 4968 in
392 4907 487 4972 tertio
508 4925 603 4970 anser
624 4914 779 4967 mactatus
800 4897 919 4965 coloris
948 4899 1068 4963 cinerei
1098 4895 1232 4984 pedibus
1261 4897 1366 4964 rutilis
1389 4899 1451 4981 (cl.
1473 4899 1596 4964 Herod.
1619 4905 1652 4974 2,
1675 4903 1726 4964 37.
1742 4901 1804 4986 45)
1827 4900 1954 4992 aliaque

333 5015 437 5084 bestia
458 5018 657 5104 quadrupes,
682 5014 820 5080 fortasse
841 5010 979 5091 vitulus,
1004 5012 1107 5096 capite
1130 5023 1292 5096 amputato
1315 5013 1367 5096 (v.
1382 5009 1509 5076 Aelian.
1530 5009 1604 5076 lrist.
1627 5014 1723 5078 anim.
1740 5018 1792 5094 10,
1809 5021 1889 5101 23);
1919 5021 1953 5086 in

333 5143 448 5218 quarto
470 5127 579 5216 pullus
598 5125 795 5215 gallinaceus
817 5126 922 5192 adhue
943 5127 1054 5202 virne,
1084 5137 1117 5190 et
1139 5126 1201 5188 tria
1222 5143 1318 5203 vasa,
1339 5122 1478 5189 fortasse
1499 5121 1660 5188 libatoria.
1704 5122 1789 5190 Ante
1810 5149 1955 5196 mensam

331 5240 439 5330 ligure
460 5239 627 5308 muliebris
648 5243 757 5308 tunice
780 5253 948 5326 praetexta
969 5237 1081 5304 induta
1103 5235 1275 5325 (Thebes)
1298 5234 1447 5302 manibus
1468 5233 1604 5302 sublatis
1627 5237 1691 5302 duo
1712 5236 1793 5304 lolia
1814 5241 1955 5336 offerens

331 5359 357 5424 i.
376 5377 406 5422 e.
426 5353 589 5441 dypensss,
625 5375 717 5443 qnam
740 5351 874 5418 herbam
896 5351 1046 5439 Aegyptii
1067 5363 1148 5418 teste
1169 5351 1313 5418 Diodoro
1334 5349 1389 5440 (i,
1404 5352 1485 5437 tt),
1521 5371 1616 5437 quum
1638 5349 1729 5421 Deos
1749 5355 1955 5436 accedebant,

1500 5473 1580 5536 29*
