<?xml version="1.0" encoding="UTF-8"?>
<!DOCTYPE html PUBLIC "-//W3C//DTD XHTML 1.0 Transitional//EN"
    "http://www.w3.org/TR/xhtml1/DTD/xhtml1-transitional.dtd">
<html xmlns="http://www.w3.org/1999/xhtml" xml:lang="en" lang="en">
 <head>
  <title>
</title>
<meta http-equiv="Content-Type" content="text/html;charset=utf-8" />
  <meta name='ocr-system' content='tesseract 3.04.00' />
  <meta name='ocr-capabilities' content='ocr_page ocr_carea ocr_par ocr_line ocrx_word'/>
</head>
<body>
  <div class='ocr_page' id='page_1' title='image "./scripturaelingu00gesegoog_0046.png"; bbox 0 0 4978 6296; ppageno 0'>
   <div class='ocr_carea' id='block_1_1' title="bbox 608 645 1967 728">
    <p class='ocr_par' dir='ltr' id='par_1_1' title="bbox 608 645 1967 728">
     <span class='ocr_line' id='line_1_1' title="bbox 608 645 1967 728; baseline -0.001 -12"><span class='ocrx_word' id='word_1_1' title='bbox 608 649 684 716; x_wconf 88' lang='lat' dir='ltr'>UBI</span> <span class='ocrx_word' id='word_1_2' title='bbox 707 647 765 714; x_wconf 84' lang='lat' dir='ltr'>ET</span> <span class='ocrx_word' id='word_1_3' title='bbox 788 645 978 728; x_wconf 82' lang='lat' dir='ltr'><strong>QUANDO</strong></span> <span class='ocrx_word' id='word_1_4' title='bbox 1005 645 1256 714; x_wconf 80' lang='lat' dir='ltr'>PHOENICIIS</span> <span class='ocrx_word' id='word_1_5' title='bbox 1277 647 1484 716; x_wconf 74' lang='lat' dir='ltr'>LITTERIS</span> <span class='ocrx_word' id='word_1_6' title='bbox 1506 649 1579 716; x_wconf 76' lang='lat'>[181</span> <span class='ocrx_word' id='word_1_7' title='bbox 1602 647 1714 716; x_wconf 82' lang='lat' dir='ltr'>SIN&#39;I&#39;.</span> <span class='ocrx_word' id='word_1_8' title='bbox 1924 655 1967 728; x_wconf 75' lang='lat'>11</span> 
     </span>
    </p>
   </div>
   <div class='ocr_carea' id='block_1_2' title="bbox 341 833 1973 1374">
    <p class='ocr_par' dir='ltr' id='par_1_2' title="bbox 341 833 1973 1374">
     <span class='ocr_line' id='line_1_2' title="bbox 347 833 1970 922; baseline -0.002 -18"><span class='ocrx_word' id='word_1_9' title='bbox 347 849 467 904; x_wconf 86' lang='lat' dir='ltr'>metum</span> <span class='ocrx_word' id='word_1_10' title='bbox 489 834 554 902; x_wconf 88' lang='lat' dir='ltr'>fide</span> <span class='ocrx_word' id='word_1_11' title='bbox 575 840 638 902; x_wconf 89' lang='lat' dir='ltr'>iste</span> <span class='ocrx_word' id='word_1_12' title='bbox 657 835 831 902; x_wconf 87' lang='lat' dir='ltr'>Semiticae</span> <span class='ocrx_word' id='word_1_13' title='bbox 853 835 984 922; x_wconf 91' lang='lat' dir='ltr'>linguae</span> <span class='ocrx_word' id='word_1_14' title='bbox 1013 857 1091 900; x_wconf 86' lang='lat' dir='ltr'>usus</span> <span class='ocrx_word' id='word_1_15' title='bbox 1120 837 1161 900; x_wconf 90' lang='lat' dir='ltr'>ad</span> <span class='ocrx_word' id='word_1_16' title='bbox 1183 834 1286 902; x_wconf 86' lang='lat' dir='ltr'>solam</span> <span class='ocrx_word' id='word_1_17' title='bbox 1308 834 1454 902; x_wconf 86' lang='lat' dir='ltr'>Ciliciam</span> <span class='ocrx_word' id='word_1_18' title='bbox 1482 837 1670 902; x_wconf 77' lang='lat' dir='ltr'>referendas</span> <span class='ocrx_word' id='word_1_19' title='bbox 1700 835 1835 904; x_wconf 84' lang='lat' dir='ltr'>videmr.</span> <span class='ocrx_word' id='word_1_20' title='bbox 1879 833 1970 914; x_wconf 80' lang='lat' dir='ltr'>Quae</span> 
     </span>
     <span class='ocr_line' id='line_1_3' title="bbox 346 947 1972 1036; baseline -0.001 -21"><span class='ocrx_word' id='word_1_21' title='bbox 346 953 434 1015; x_wconf 90' lang='lat' dir='ltr'>euim</span> <span class='ocrx_word' id='word_1_22' title='bbox 456 965 627 1035; x_wconf 71' lang='lat' dir='ltr'><strong>supersunt</strong></span> <span class='ocrx_word' id='word_1_23' title='bbox 656 951 890 1036; x_wconf 88' lang='lat' dir='ltr'>cappadocicae</span> <span class='ocrx_word' id='word_1_24' title='bbox 916 948 1046 1034; x_wconf 86' lang='lat' dir='ltr'>liuguae</span> <span class='ocrx_word' id='word_1_25' title='bbox 1067 951 1110 1035; x_wconf 90' lang='lat' dir='ltr'>(v.</span> <span class='ocrx_word' id='word_1_26' title='bbox 1141 947 1257 1014; x_wconf 88' lang='lat' dir='ltr'>Strabo</span> <span class='ocrx_word' id='word_1_27' title='bbox 1287 947 1355 1015; x_wconf 90' lang='lat' dir='ltr'>x11</span> <span class='ocrx_word' id='word_1_28' title='bbox 1384 950 1466 1032; x_wconf 88' lang='lat' dir='ltr'>init.)</span> <span class='ocrx_word' id='word_1_29' title='bbox 1494 952 1643 1036; x_wconf 77' lang='lat' dir='ltr'>vesdgia,</span> <span class='ocrx_word' id='word_1_30' title='bbox 1672 947 1725 1013; x_wconf 79' lang='lat' dir='ltr'>rel</span> <span class='ocrx_word' id='word_1_31' title='bbox 1753 951 1899 1035; x_wconf 72' lang='lat' dir='ltr'>persicae</span> <span class='ocrx_word' id='word_1_32' title='bbox 1920 947 1972 1014; x_wconf 87' lang='lat' dir='ltr'>val</span> 
     </span>
     <span class='ocr_line' id='line_1_4' title="bbox 341 1059 1972 1150; baseline -0.001 -23"><span class='ocrx_word' id='word_1_33' title='bbox 341 1064 472 1149; x_wconf 71' lang='lat' dir='ltr'>ignotm</span> <span class='ocrx_word' id='word_1_34' title='bbox 494 1065 629 1150; x_wconf 79' lang='lat' dir='ltr'>originit</span> <span class='ocrx_word' id='word_1_35' title='bbox 651 1065 783 1146; x_wconf 75' lang='lat' dir='ltr'>saw),</span> <span class='ocrx_word' id='word_1_36' title='bbox 817 1076 849 1126; x_wconf 88' lang='lat' dir='ltr'>et</span> <span class='ocrx_word' id='word_1_37' title='bbox 876 1064 910 1126; x_wconf 90' lang='lat' dir='ltr'>in</span> <span class='ocrx_word' id='word_1_38' title='bbox 941 1063 1047 1126; x_wconf 85' lang='lat' dir='ltr'>nuruis</span> <span class='ocrx_word' id='word_1_39' title='bbox 1078 1060 1175 1126; x_wconf 86' lang='lat' dir='ltr'>Sidae</span> <span class='ocrx_word' id='word_1_40' title='bbox 1197 1073 1293 1148; x_wconf 86' lang='lat' dir='ltr'>atquc</span> <span class='ocrx_word' id='word_1_41' title='bbox 1315 1059 1521 1143; x_wconf 78' lang='lat' dir='ltr'>Celenderis,</span> <span class='ocrx_word' id='word_1_42' title='bbox 1551 1061 1758 1150; x_wconf 76' lang='lat' dir='ltr'>Pamphyliae</span> <span class='ocrx_word' id='word_1_43' title='bbox 1779 1076 1812 1126; x_wconf 89' lang='lat' dir='ltr'>et</span> <span class='ocrx_word' id='word_1_44' title='bbox 1836 1059 1972 1128; x_wconf 78' lang='lat' dir='ltr'>Ciliciae</span> 
     </span>
     <span class='ocr_line' id='line_1_5' title="bbox 344 1173 1972 1263; baseline -0.002 -22"><span class='ocrx_word' id='word_1_45' title='bbox 344 1173 552 1242; x_wconf 82' lang='lat' dir='ltr'>occidentabs</span> <span class='ocrx_word' id='word_1_46' title='bbox 579 1175 723 1254; x_wconf 92' lang='lat' dir='ltr'>urbiam,</span> <span class='ocrx_word' id='word_1_47' title='bbox 753 1174 954 1239; x_wconf 76' lang='lat' dir='ltr'>characteres</span> <span class='ocrx_word' id='word_1_48' title='bbox 983 1188 1154 1259; x_wconf 90' lang='lat' dir='ltr'>apparent,</span> <span class='ocrx_word' id='word_1_49' title='bbox 1185 1173 1365 1262; x_wconf 88' lang='lat' dir='ltr'>phoeniciis</span> <span class='ocrx_word' id='word_1_50' title='bbox 1394 1177 1521 1263; x_wconf 90' lang='lat' dir='ltr'>quidem</span> <span class='ocrx_word' id='word_1_51' title='bbox 1549 1175 1690 1254; x_wconf 82' lang='lat' dir='ltr'>similes,</span> <span class='ocrx_word' id='word_1_52' title='bbox 1721 1177 1778 1240; x_wconf 81' lang='lat' dir='ltr'>aad</span> <span class='ocrx_word' id='word_1_53' title='bbox 1807 1196 1872 1238; x_wconf 92' lang='lat' dir='ltr'>non</span> <span class='ocrx_word' id='word_1_54' title='bbox 1896 1196 1972 1240; x_wconf 81' lang='lat' dir='ltr'>cera</span> 
     </span>
     <span class='ocr_line' id='line_1_6' title="bbox 344 1285 1973 1374; baseline 0 -22"><span class='ocrx_word' id='word_1_55' title='bbox 344 1285 444 1367; x_wconf 87' lang='lat' dir='ltr'>tales,</span> <span class='ocrx_word' id='word_1_56' title='bbox 472 1287 634 1352; x_wconf 85' lang='lat' dir='ltr'>veteribus</span> <span class='ocrx_word' id='word_1_57' title='bbox 655 1290 789 1374; x_wconf 89' lang='lat' dir='ltr'>persicis</span> <span class='ocrx_word' id='word_1_58' title='bbox 810 1287 850 1371; x_wconf 88' lang='lat' dir='ltr'>(v.</span> <span class='ocrx_word' id='word_1_59' title='bbox 867 1289 896 1366; x_wconf 58' lang='lat' dir='ltr'>A.</span> <span class='ocrx_word' id='word_1_60' title='bbox 914 1285 969 1372; x_wconf 79' lang='lat'>50)</span> <span class='ocrx_word' id='word_1_61' title='bbox 992 1289 1098 1372; x_wconf 87' lang='lat' dir='ltr'>potius</span> <span class='ocrx_word' id='word_1_62' title='bbox 1121 1289 1348 1373; x_wconf 85' lang='lat' dir='ltr'>comparandi,</span> <span class='ocrx_word' id='word_1_63' title='bbox 1377 1311 1456 1374; x_wconf 84' lang='lat' dir='ltr'>quos</span> <span class='ocrx_word' id='word_1_64' title='bbox 1478 1305 1564 1356; x_wconf 89' lang='lat' dir='ltr'>recte</span> <span class='ocrx_word' id='word_1_65' title='bbox 1586 1290 1788 1373; x_wconf 87' lang='lat' dir='ltr'>interpretari</span> <span class='ocrx_word' id='word_1_66' title='bbox 1810 1286 1973 1373; x_wconf 88' lang='lat' dir='ltr'>bucusque</span> 
     </span>
    </p>
   </div>
   <div class='ocr_carea' id='block_1_3' title="bbox 347 1389 2127 1486">
    <p class='ocr_par' dir='ltr' id='par_1_3' title="bbox 347 1389 2127 1486">
     <span class='ocr_line' id='line_1_7' title="bbox 347 1389 2127 1486; baseline -0.004 -20"><span class='ocrx_word' id='word_1_67' title='bbox 347 1403 472 1466; x_wconf 86' lang='lat' dir='ltr'>nemini</span> <span class='ocrx_word' id='word_1_68' title='bbox 495 1389 628 1485; x_wconf 78' lang='lat' dir='ltr'>contigit</span> <span class='ocrx_word' id='word_1_69' title='bbox 650 1402 695 1483; x_wconf 85' lang='lat' dir='ltr'>(v.</span> <span class='ocrx_word' id='word_1_70' title='bbox 717 1398 774 1466; x_wconf 91' lang='lat' dir='ltr'>lib.</span> <span class='ocrx_word' id='word_1_71' title='bbox 797 1397 864 1477; x_wconf 88' lang='grc' dir='ltr'><strong>ΙΙΙ,</strong></span> <span class='ocrx_word' id='word_1_72' title='bbox 887 1421 958 1484; x_wconf 90' lang='lat' dir='ltr'>cap.</span> <span class='ocrx_word' id='word_1_73' title='bbox 981 1406 1001 1462; x_wconf 81' lang='lat'>2</span> <span class='ocrx_word' id='word_1_74' title='bbox 1023 1397 1104 1484; x_wconf 83' lang='lat' dir='ltr'>lim).</span> <span class='ocrx_word' id='word_1_75' title='bbox 1148 1398 1223 1486; x_wconf 88' lang='lat' dir='ltr'>Ipsa</span> <span class='ocrx_word' id='word_1_76' title='bbox 1244 1413 1351 1464; x_wconf 86' lang='lat' dir='ltr'>eutem</span> <span class='ocrx_word' id='word_1_77' title='bbox 1371 1398 1507 1468; x_wconf 83' lang='lat' dir='ltr'>Ciliciae</span> <span class='ocrx_word' id='word_1_78' title='bbox 1527 1415 1735 1468; x_wconf 89' lang='lat' dir='ltr'>monumenta</span> <span class='ocrx_word' id='word_1_79' title='bbox 1757 1403 1780 1464; x_wconf 91' lang='lat' dir='ltr'>i.</span> <span class='ocrx_word' id='word_1_80' title='bbox 1801 1422 1830 1464; x_wconf 90' lang='lat' dir='ltr'>e.</span> <span class='ocrx_word' id='word_1_81' title='bbox 1854 1403 1974 1466; x_wconf 87' lang='lat' dir='ltr'>nuruis·</span> <span class='ocrx_word' id='word_1_82' title='bbox 2116 1429 2127 1458; x_wconf 92' lang='lat'>·.</span> 
     </span>
    </p>
   </div>
   <div class='ocr_carea' id='block_1_4' title="bbox 343 1511 2046 2840">
    <p class='ocr_par' dir='ltr' id='par_1_4' title="bbox 343 1511 2046 2369">
     <span class='ocr_line' id='line_1_8' title="bbox 345 1511 2046 1601; baseline 0 -23"><span class='ocrx_word' id='word_1_83' title='bbox 345 1517 442 1578; x_wconf 73' lang='lat' dir='ltr'>meto:</span> <span class='ocrx_word' id='word_1_84' title='bbox 453 1511 630 1598; x_wconf 89' lang='lat' dir='ltr'>phoeniciis</span> <span class='ocrx_word' id='word_1_85' title='bbox 651 1511 766 1578; x_wconf 90' lang='lat' dir='ltr'>litteris</span> <span class='ocrx_word' id='word_1_86' title='bbox 786 1514 939 1598; x_wconf 87' lang='lat' dir='ltr'>inscripta</span> <span class='ocrx_word' id='word_1_87' title='bbox 965 1513 1007 1597; x_wconf 83' lang='lat' dir='ltr'>(v.</span> <span class='ocrx_word' id='word_1_88' title='bbox 1026 1511 1083 1579; x_wconf 86' lang='lat' dir='ltr'>lib.</span> <span class='ocrx_word' id='word_1_89' title='bbox 1105 1511 1171 1593; x_wconf 91' lang='lat' dir='ltr'>III,</span> <span class='ocrx_word' id='word_1_90' title='bbox 1195 1535 1264 1598; x_wconf 86' lang='lat' dir='ltr'>cap.</span> <span class='ocrx_word' id='word_1_91' title='bbox 1284 1515 1316 1596; x_wconf 83' lang='lat'>2)</span> <span class='ocrx_word' id='word_1_92' title='bbox 1344 1530 1476 1601; x_wconf 92' lang='lat' dir='ltr'>propter</span> <span class='ocrx_word' id='word_1_93' title='bbox 1493 1519 1639 1582; x_wconf 84' lang='lat' dir='ltr'>&#39;rationes</span> <span class='ocrx_word' id='word_1_94' title='bbox 1661 1513 1747 1578; x_wconf 82' lang='lat' dir='ltr'>inira</span> <span class='ocrx_word' id='word_1_95' title='bbox 1767 1514 1974 1598; x_wconf 79' lang='lat' dir='ltr'>exponendae</span> <span class='ocrx_word' id='word_1_96' title='bbox 2043 1593 2046 1598; x_wconf 24' lang='grc' dir='ltr'>Ι</span> 
     </span>
     <span class='ocr_line' id='line_1_9' title="bbox 346 1624 1974 1712; baseline 0.001 -22"><span class='ocrx_word' id='word_1_97' title='bbox 346 1627 388 1690; x_wconf 90' lang='lat' dir='ltr'>ad</span> <span class='ocrx_word' id='word_1_98' title='bbox 410 1624 572 1688; x_wconf 84' lang='lat' dir='ltr'>Persicam</span> <span class='ocrx_word' id='word_1_99' title='bbox 601 1637 737 1690; x_wconf 89' lang='lat' dir='ltr'>aetatem</span> <span class='ocrx_word' id='word_1_100' title='bbox 765 1630 925 1712; x_wconf 91' lang='lat' dir='ltr'>pertinere</span> <span class='ocrx_word' id='word_1_101' title='bbox 956 1629 1105 1692; x_wconf 84' lang='lat' dir='ltr'>videntur</span> <span class='ocrx_word' id='word_1_102' title='bbox 1127 1629 1254 1704; x_wconf 90' lang='lat' dir='ltr'>omnia,</span> <span class='ocrx_word' id='word_1_103' title='bbox 1284 1627 1420 1712; x_wconf 88' lang='lat' dir='ltr'>ideoque</span> <span class='ocrx_word' id='word_1_104' title='bbox 1452 1627 1565 1694; x_wconf 90' lang='lat' dir='ltr'>horum</span> <span class='ocrx_word' id='word_1_105' title='bbox 1589 1641 1867 1693; x_wconf 78' lang='lat' dir='ltr'>monumentorum</span> <span class='ocrx_word' id='word_1_106' title='bbox 1890 1630 1974 1694; x_wconf 90' lang='lat' dir='ltr'>auti-</span> 
     </span>
     <span class='ocr_line' id='line_1_10' title="bbox 347 1727 1974 1827; baseline 0.003 -26"><span class='ocrx_word' id='word_1_107' title='bbox 347 1739 615 1822; x_wconf 66' lang='lat' dir='ltr'>naissitanum,</span> <span class='ocrx_word' id='word_1_108' title='bbox 648 1739 732 1824; x_wconf 88' lang='lat' dir='ltr'>quod</span> <span class='ocrx_word' id='word_1_109' title='bbox 760 1741 864 1826; x_wconf 85' lang='lat' dir='ltr'>ipsum</span> <span class='ocrx_word' id='word_1_110' title='bbox 893 1727 1071 1806; x_wconf 88' lang='lat' dir='ltr'>litterarum</span> <span class='ocrx_word' id='word_1_111' title='bbox 1099 1741 1213 1803; x_wconf 83' lang='lat' dir='ltr'>ductus</span> <span class='ocrx_word' id='word_1_112' title='bbox 1237 1753 1376 1824; x_wconf 86' lang='lat' dir='ltr'>arguunt</span> <span class='ocrx_word' id='word_1_113' title='bbox 1406 1741 1450 1826; x_wconf 88' lang='lat' dir='ltr'>(v.</span> <span class='ocrx_word' id='word_1_114' title='bbox 1472 1741 1513 1806; x_wconf 89' lang='lat' dir='ltr'>ad</span> <span class='ocrx_word' id='word_1_115' title='bbox 1535 1741 1613 1808; x_wconf 84' lang='lat' dir='ltr'>Saia</span> <span class='ocrx_word' id='word_1_116' title='bbox 1636 1743 1665 1819; x_wconf 69' lang='lat'>§-</span> <span class='ocrx_word' id='word_1_117' title='bbox 1688 1741 1762 1827; x_wconf 83' lang='grc'>18),</span> <span class='ocrx_word' id='word_1_118' title='bbox 1793 1761 1974 1826; x_wconf 84' lang='lat' dir='ltr'>quenquam</span> 
     </span>
     <span class='ocr_line' id='line_1_11' title="bbox 346 1847 1973 1939; baseline 0.003 -26"><span class='ocrx_word' id='word_1_119' title='bbox 346 1847 494 1914; x_wconf 86' lang='lat' dir='ltr'>nonnulli</span> <span class='ocrx_word' id='word_1_120' title='bbox 516 1851 556 1914; x_wconf 91' lang='lat' dir='ltr'>ad</span> <span class='ocrx_word' id='word_1_121' title='bbox 576 1871 746 1914; x_wconf 91' lang='lat' dir='ltr'>aramaeae</span> <span class='ocrx_word' id='word_1_122' title='bbox 765 1855 943 1939; x_wconf 72' lang='lat' dir='ltr'>scripturae</span> <span class='ocrx_word' id='word_1_123' title='bbox 957 1855 1115 1918; x_wconf 90' lang='lat' dir='ltr'>rationem</span> <span class='ocrx_word' id='word_1_124' title='bbox 1132 1851 1313 1916; x_wconf 85' lang='lat' dir='ltr'>deflectunt.</span> <span class='ocrx_word' id='word_1_125' title='bbox 1358 1851 1452 1932; x_wconf 78' lang='lat' dir='ltr'>Quod</span> <span class='ocrx_word' id='word_1_126' title='bbox 1465 1859 1546 1919; x_wconf 49' lang='lat' dir='ltr'>*vero</span> <span class='ocrx_word' id='word_1_127' title='bbox 1562 1856 1692 1919; x_wconf 84' lang='lat' dir='ltr'>uomica</span> <span class='ocrx_word' id='word_1_128' title='bbox 1706 1856 1835 1938; x_wconf 90' lang='lat' dir='ltr'>propria</span> <span class='ocrx_word' id='word_1_129' title='bbox 1848 1853 1973 1918; x_wconf 88' lang='lat' dir='ltr'>urbium</span> 
     </span>
     <span class='ocr_line' id='line_1_12' title="bbox 347 1961 1976 2052; baseline 0.002 -26"><span class='ocrx_word' id='word_1_130' title='bbox 347 1961 523 2028; x_wconf 84' lang='lat' dir='ltr'>domestica</span> <span class='ocrx_word' id='word_1_131' title='bbox 543 1965 577 2028; x_wconf 90' lang='lat' dir='ltr'>in</span> <span class='ocrx_word' id='word_1_132' title='bbox 602 1961 653 2030; x_wconf 86' lang='lat' dir='ltr'>hie</span> <span class='ocrx_word' id='word_1_133' title='bbox 676 1966 813 2047; x_wconf 80' lang='lat' dir='ltr'>nummis</span> <span class='ocrx_word' id='word_1_134' title='bbox 836 1965 953 2044; x_wconf 88' lang='lat' dir='ltr'>obvia,</span> <span class='ocrx_word' id='word_1_135' title='bbox 977 1979 1014 2030; x_wconf 90' lang='lat' dir='ltr'>ut</span> <span class='ocrx_word' id='word_1_136' title='bbox 1035 1968 1149 2042; x_wconf 53' lang='lat' dir='ltr'>sessa,</span> <span class='ocrx_word' id='word_1_137' title='bbox 1172 1965 1319 2052; x_wconf 53' lang='lat' dir='ltr'>&#39;thubam</span> <span class='ocrx_word' id='word_1_138' title='bbox 1341 1964 1437 2051; x_wconf 91' lang='lat' dir='ltr'>plane</span> <span class='ocrx_word' id='word_1_139' title='bbox 1460 1979 1667 2045; x_wconf 84' lang='lat' dir='ltr'>evanuerunt,</span> <span class='ocrx_word' id='word_1_140' title='bbox 1690 1966 1787 2030; x_wconf 89' lang='lat' dir='ltr'>huius</span> <span class='ocrx_word' id='word_1_141' title='bbox 1810 1968 1857 2028; x_wconf 88' lang='lat' dir='ltr'>rei</span> <span class='ocrx_word' id='word_1_142' title='bbox 1879 1985 1976 2030; x_wconf 84' lang='lat' dir='ltr'>cauea</span> 
     </span>
     <span class='ocr_line' id='line_1_13' title="bbox 343 2075 1976 2166; baseline 0.002 -28"><span class='ocrx_word' id='word_1_143' title='bbox 343 2076 385 2138; x_wconf 78' lang='lat' dir='ltr'>¹iu</span> <span class='ocrx_word' id='word_1_144' title='bbox 408 2096 448 2140; x_wconf 91' lang='lat' dir='ltr'>eo</span> <span class='ocrx_word' id='word_1_145' title='bbox 472 2077 654 2160; x_wconf 86' lang='lat' dir='ltr'>quaerenda</span> <span class='ocrx_word' id='word_1_146' title='bbox 675 2079 815 2154; x_wconf 80' lang='lat' dir='ltr'>videtur,</span> <span class='ocrx_word' id='word_1_147' title='bbox 850 2079 934 2164; x_wconf 90' lang='lat' dir='ltr'>quod</span> <span class='ocrx_word' id='word_1_148' title='bbox 964 2076 1153 2165; x_wconf 88' lang='lat' dir='ltr'>phoeniciae</span> <span class='ocrx_word' id='word_1_149' title='bbox 1182 2076 1312 2164; x_wconf 86' lang='lat' dir='ltr'>linguae</span> <span class='ocrx_word' id='word_1_150' title='bbox 1341 2099 1417 2142; x_wconf 86' lang='lat' dir='ltr'>usus</span> <span class='ocrx_word' id='word_1_151' title='bbox 1449 2081 1482 2144; x_wconf 92' lang='lat' dir='ltr'>in</span> <span class='ocrx_word' id='word_1_152' title='bbox 1510 2077 1571 2144; x_wconf 88' lang='lat' dir='ltr'>hac</span> <span class='ocrx_word' id='word_1_153' title='bbox 1600 2081 1734 2166; x_wconf 89' lang='lat' dir='ltr'>regione</span> <span class='ocrx_word' id='word_1_154' title='bbox 1764 2075 1874 2163; x_wconf 82' lang='lat' dir='ltr'>paubo</span> <span class='ocrx_word' id='word_1_155' title='bbox 1904 2091 1976 2163; x_wconf 89' lang='lat' dir='ltr'>post</span> 
     </span>
     <span class='ocr_line' id='line_1_14' title="bbox 344 2185 1977 2276; baseline 0.001 -24"><span class='ocrx_word' id='word_1_156' title='bbox 344 2185 524 2253; x_wconf 83' lang='lat' dir='ltr'>Alexandri</span> <span class='ocrx_word' id='word_1_157' title='bbox 539 2187 650 2275; x_wconf 86' lang='lat' dir='ltr'>Magni</span> <span class='ocrx_word' id='word_1_158' title='bbox 674 2201 817 2275; x_wconf 90' lang='lat' dir='ltr'>tempora</span> <span class='ocrx_word' id='word_1_159' title='bbox 829 2189 969 2256; x_wconf 82' lang='lat' dir='ltr'>abolitae</span> <span class='ocrx_word' id='word_1_160' title='bbox 984 2203 1033 2255; x_wconf 85' lang='lat' dir='ltr'>est</span> <span class='ocrx_word' id='word_1_161' title='bbox 1046 2211 1245 2276; x_wconf 89' lang='lat' dir='ltr'>graecaeqne</span> <span class='ocrx_word' id='word_1_162' title='bbox 1262 2192 1370 2271; x_wconf 88' lang='lat' dir='ltr'>cessit,</span> <span class='ocrx_word' id='word_1_163' title='bbox 1392 2212 1456 2276; x_wconf 88' lang='lat' dir='ltr'>quo</span> <span class='ocrx_word' id='word_1_164' title='bbox 1469 2192 1589 2258; x_wconf 85' lang='lat' dir='ltr'>luctum</span> <span class='ocrx_word' id='word_1_165' title='bbox 1603 2205 1663 2271; x_wconf 87' lang='lat' dir='ltr'>est,</span> <span class='ocrx_word' id='word_1_166' title='bbox 1686 2205 1721 2256; x_wconf 91' lang='lat' dir='ltr'>ut</span> <span class='ocrx_word' id='word_1_167' title='bbox 1734 2192 1831 2255; x_wconf 91' lang='lat' dir='ltr'>etiam</span> <span class='ocrx_word' id='word_1_168' title='bbox 1845 2191 1977 2276; x_wconf 87' lang='lat' dir='ltr'>antiqua</span> 
     </span>
     <span class='ocr_line' id='line_1_15' title="bbox 347 2300 1528 2369; baseline 0.003 -5"><span class='ocrx_word' id='word_1_169' title='bbox 347 2303 479 2365; x_wconf 88' lang='lat' dir='ltr'>nomina</span> <span class='ocrx_word' id='word_1_170' title='bbox 503 2300 678 2365; x_wconf 85' lang='lat' dir='ltr'>domestica</span> <span class='ocrx_word' id='word_1_171' title='bbox 697 2303 730 2366; x_wconf 92' lang='lat' dir='ltr'>in</span> <span class='ocrx_word' id='word_1_172' title='bbox 755 2305 995 2369; x_wconf 76' lang='lat' dir='ltr'>desuetudinem</span> <span class='ocrx_word' id='word_1_173' title='bbox 1017 2315 1049 2367; x_wconf 90' lang='lat' dir='ltr'>et</span> <span class='ocrx_word' id='word_1_174' title='bbox 1070 2301 1264 2368; x_wconf 87' lang='lat' dir='ltr'>oblivionem</span> <span class='ocrx_word' id='word_1_175' title='bbox 1287 2301 1422 2368; x_wconf 90' lang='lat' dir='ltr'>abirent.</span> <span class='ocrx_word' id='word_1_176' title='bbox 1523 2308 1528 2316; x_wconf 86' lang='lat'>&#39;</span> 
     </span>
    </p>

    <p class='ocr_par' dir='ltr' id='par_1_5' title="bbox 346 2411 1978 2840">
     <span class='ocr_line' id='line_1_16' title="bbox 475 2411 1976 2502; baseline 0.001 -24"><span class='ocrx_word' id='word_1_177' title='bbox 475 2418 506 2478; x_wconf 85' lang='grc'>3.</span> <span class='ocrx_word' id='word_1_178' title='bbox 549 2411 648 2478; x_wconf 87' lang='lat' dir='ltr'>Asiae</span> <span class='ocrx_word' id='word_1_179' title='bbox 670 2418 818 2500; x_wconf 90' lang='lat' dir='ltr'>proxima</span> <span class='ocrx_word' id='word_1_180' title='bbox 836 2416 971 2502; x_wconf 73' lang='lat' dir='ltr'>Cyprus,</span> <span class='ocrx_word' id='word_1_181' title='bbox 994 2418 1083 2480; x_wconf 89' lang='lat' dir='ltr'>cuius</span> <span class='ocrx_word' id='word_1_182' title='bbox 1101 2413 1218 2480; x_wconf 85' lang='lat' dir='ltr'>multas</span> <span class='ocrx_word' id='word_1_183' title='bbox 1230 2413 1339 2494; x_wconf 87' lang='lat' dir='ltr'>urbes,</span> <span class='ocrx_word' id='word_1_184' title='bbox 1362 2429 1396 2480; x_wconf 90' lang='lat' dir='ltr'>nt</span> <span class='ocrx_word' id='word_1_185' title='bbox 1410 2412 1542 2494; x_wconf 89' lang='lat' dir='ltr'>Citium,</span> <span class='ocrx_word' id='word_1_186' title='bbox 1565 2413 1817 2480; x_wconf 74' lang='lat' dir='ltr'>al’hoenicibus</span> <span class='ocrx_word' id='word_1_187' title='bbox 1832 2415 1976 2480; x_wconf 82' lang='lat' dir='ltr'>conditae</span> 
     </span>
     <span class='ocr_line' id='line_1_17' title="bbox 347 2525 1978 2616; baseline -0.001 -24"><span class='ocrx_word' id='word_1_188' title='bbox 347 2547 420 2592; x_wconf 82' lang='lat' dir='ltr'>etse</span> <span class='ocrx_word' id='word_1_189' title='bbox 450 2528 554 2611; x_wconf 83' lang='lat' dir='ltr'>iisque</span> <span class='ocrx_word' id='word_1_190' title='bbox 585 2529 730 2612; x_wconf 85' lang='lat' dir='ltr'>paruisse</span> <span class='ocrx_word' id='word_1_191' title='bbox 761 2543 886 2594; x_wconf 84' lang='lat' dir='ltr'>constat</span> <span class='ocrx_word' id='word_1_192' title='bbox 911 2529 954 2616; x_wconf 83' lang='lat' dir='ltr'>(v.</span> <span class='ocrx_word' id='word_1_193' title='bbox 977 2526 1034 2594; x_wconf 90' lang='lat' dir='ltr'>lib.</span> <span class='ocrx_word' id='word_1_194' title='bbox 1057 2527 1109 2606; x_wconf 94' lang='lat' dir='ltr'>II,</span> <span class='ocrx_word' id='word_1_195' title='bbox 1141 2549 1209 2615; x_wconf 86' lang='lat' dir='ltr'>cap.</span> <span class='ocrx_word' id='word_1_196' title='bbox 1232 2529 1275 2611; x_wconf 84' lang='grc'>3).</span> <span class='ocrx_word' id='word_1_197' title='bbox 1320 2525 1394 2604; x_wconf 80' lang='lat' dir='ltr'>Quo</span> <span class='ocrx_word' id='word_1_198' title='bbox 1421 2529 1575 2613; x_wconf 85' lang='lat' dir='ltr'>temporis</span> <span class='ocrx_word' id='word_1_199' title='bbox 1603 2529 1706 2612; x_wconf 90' lang='lat' dir='ltr'>spatio</span> <span class='ocrx_word' id='word_1_200' title='bbox 1733 2541 1884 2591; x_wconf 78' lang='lat' dir='ltr'>exaratae</span> <span class='ocrx_word' id='word_1_201' title='bbox 1912 2529 1978 2591; x_wconf 86' lang='lat' dir='ltr'>siut</span> 
     </span>
     <span class='ocr_line' id='line_1_18' title="bbox 346 2636 1977 2727; baseline -0.001 -22"><span class='ocrx_word' id='word_1_202' title='bbox 346 2641 574 2725; x_wconf 81' lang='lat' dir='ltr'>inscriptiones</span> <span class='ocrx_word' id='word_1_203' title='bbox 597 2637 674 2703; x_wconf 86' lang='lat' dir='ltr'>lllae</span> <span class='ocrx_word' id='word_1_204' title='bbox 696 2639 854 2706; x_wconf 80' lang='lat' dir='ltr'>XXXIII</span> <span class='ocrx_word' id='word_1_205' title='bbox 876 2663 918 2706; x_wconf 89' lang='lat' dir='ltr'>ex</span> <span class='ocrx_word' id='word_1_206' title='bbox 940 2644 1043 2706; x_wconf 89' lang='lat' dir='ltr'>ruinis</span> <span class='ocrx_word' id='word_1_207' title='bbox 1065 2641 1142 2707; x_wconf 87' lang='lat' dir='ltr'>Citii</span> <span class='ocrx_word' id='word_1_208' title='bbox 1164 2641 1286 2719; x_wconf 80' lang='lat' dir='ltr'>erutae,</span> <span class='ocrx_word' id='word_1_209' title='bbox 1308 2641 1348 2704; x_wconf 91' lang='lat' dir='ltr'>de</span> <span class='ocrx_word' id='word_1_210' title='bbox 1371 2640 1487 2727; x_wconf 85' lang='lat' dir='ltr'>quibus</span> <span class='ocrx_word' id='word_1_211' title='bbox 1508 2640 1597 2706; x_wconf 84' lang='lat' dir='ltr'>iufra</span> <span class='ocrx_word' id='word_1_212' title='bbox 1615 2637 1827 2725; x_wconf 82' lang='lat' dir='ltr'>disputabitur</span> <span class='ocrx_word' id='word_1_213' title='bbox 1847 2636 1918 2716; x_wconf 89' lang='lat' dir='ltr'>(lib.</span> <span class='ocrx_word' id='word_1_214' title='bbox 1933 2637 1977 2718; x_wconf 94' lang='lat' dir='ltr'>ll,</span> 
     </span>
     <span class='ocr_line' id='line_1_19' title="bbox 348 2750 1978 2840; baseline 0.001 -24"><span class='ocrx_word' id='word_1_215' title='bbox 348 2771 418 2838; x_wconf 89' lang='lat' dir='ltr'>cap.</span> <span class='ocrx_word' id='word_1_216' title='bbox 433 2750 476 2835; x_wconf 82' lang='grc'>3),</span> <span class='ocrx_word' id='word_1_217' title='bbox 500 2767 647 2816; x_wconf 86' lang='lat' dir='ltr'>accurate</span> <span class='ocrx_word' id='word_1_218' title='bbox 661 2755 797 2819; x_wconf 88' lang='lat' dir='ltr'>indicari</span> <span class='ocrx_word' id='word_1_219' title='bbox 811 2767 1001 2840; x_wconf 82' lang='lat' dir='ltr'>uoupoteat.</span> <span class='ocrx_word' id='word_1_220' title='bbox 1044 2751 1199 2820; x_wconf 88' lang='lat' dir='ltr'>Notabile</span> <span class='ocrx_word' id='word_1_221' title='bbox 1221 2767 1341 2831; x_wconf 88' lang='lat' dir='ltr'>tamen,</span> <span class='ocrx_word' id='word_1_222' title='bbox 1364 2751 1486 2818; x_wconf 89' lang='lat' dir='ltr'>nullam</span> <span class='ocrx_word' id='word_1_223' title='bbox 1508 2755 1543 2817; x_wconf 88' lang='lat' dir='ltr'>iu</span> <span class='ocrx_word' id='word_1_224' title='bbox 1566 2765 1654 2820; x_wconf 88' lang='lat' dir='ltr'>tauto</span> <span class='ocrx_word' id='word_1_225' title='bbox 1668 2771 1802 2816; x_wconf 89' lang='lat' dir='ltr'>numero</span> <span class='ocrx_word' id='word_1_226' title='bbox 1818 2764 1978 2837; x_wconf 80' lang='lat' dir='ltr'>reportant</span> 
     </span>
    </p>
   </div>
   <div class='ocr_carea' id='block_1_5' title="bbox 349 2861 2085 2954">
    <p class='ocr_par' dir='ltr' id='par_1_6' title="bbox 349 2861 2085 2954">
     <span class='ocr_line' id='line_1_20' title="bbox 349 2861 2085 2954; baseline 0 -26"><span class='ocrx_word' id='word_1_227' title='bbox 349 2883 420 2928; x_wconf 88' lang='lat' dir='ltr'>esse</span> <span class='ocrx_word' id='word_1_228' title='bbox 443 2861 636 2949; x_wconf 77' lang='lat' dir='ltr'>bilinguem,</span> <span class='ocrx_word' id='word_1_229' title='bbox 661 2864 781 2931; x_wconf 92' lang='lat' dir='ltr'>nullam</span> <span class='ocrx_word' id='word_1_230' title='bbox 804 2870 901 2932; x_wconf 88' lang='lat' dir='ltr'>etiarn</span> <span class='ocrx_word' id='word_1_231' title='bbox 921 2889 1069 2954; x_wconf 84' lang='lat' dir='ltr'>graecam</span> <span class='ocrx_word' id='word_1_232' title='bbox 1085 2867 1328 2952; x_wconf 86' lang='lat' dir='ltr'>inscriptionem</span> <span class='ocrx_word' id='word_1_233' title='bbox 1347 2869 1381 2931; x_wconf 90' lang='lat' dir='ltr'>iu</span> <span class='ocrx_word' id='word_1_234' title='bbox 1402 2867 1516 2931; x_wconf 88' lang='lat' dir='ltr'>eodem</span> <span class='ocrx_word' id='word_1_235' title='bbox 1530 2864 1604 2931; x_wconf 91' lang='lat' dir='ltr'>loco</span> <span class='ocrx_word' id='word_1_236' title='bbox 1620 2865 1773 2930; x_wconf 81' lang='lat' dir='ltr'>effossam</span> <span class='ocrx_word' id='word_1_237' title='bbox 1789 2865 1976 2928; x_wconf 87' lang='lat' dir='ltr'>memorari:</span> <span class='ocrx_word' id='word_1_238' title='bbox 2082 2901 2085 2918; x_wconf 59' lang='grc' dir='ltr'><strong>ι</strong></span> 
     </span>
    </p>
   </div>
   <div class='ocr_carea' id='block_1_6' title="bbox 348 2973 1978 3178">
    <p class='ocr_par' dir='ltr' id='par_1_7' title="bbox 348 2973 1978 3178">
     <span class='ocr_line' id='line_1_21' title="bbox 349 2973 1978 3064; baseline 0.001 -24"><span class='ocrx_word' id='word_1_239' title='bbox 349 2977 436 3041; x_wconf 88' lang='lat' dir='ltr'>nude</span> <span class='ocrx_word' id='word_1_240' title='bbox 456 2987 542 3041; x_wconf 91' lang='lat' dir='ltr'>recte</span> <span class='ocrx_word' id='word_1_241' title='bbox 565 2975 717 3064; x_wconf 86' lang='lat' dir='ltr'>colligas,</span> <span class='ocrx_word' id='word_1_242' title='bbox 747 3000 805 3058; x_wconf 91' lang='lat' dir='ltr'>eo,</span> <span class='ocrx_word' id='word_1_243' title='bbox 834 3002 897 3064; x_wconf 84' lang='lat' dir='ltr'>quo</span> <span class='ocrx_word' id='word_1_244' title='bbox 925 2979 1005 3045; x_wconf 92' lang='lat' dir='ltr'>baec</span> <span class='ocrx_word' id='word_1_245' title='bbox 1032 2992 1240 3045; x_wconf 87' lang='lat' dir='ltr'>monumenta</span> <span class='ocrx_word' id='word_1_246' title='bbox 1267 2993 1401 3044; x_wconf 90' lang='lat' dir='ltr'>exarata</span> <span class='ocrx_word' id='word_1_247' title='bbox 1421 2992 1517 3058; x_wconf 86' lang='lat' dir='ltr'>eunt,</span> <span class='ocrx_word' id='word_1_248' title='bbox 1546 2991 1690 3064; x_wconf 90' lang='lat' dir='ltr'>tempora</span> <span class='ocrx_word' id='word_1_249' title='bbox 1711 2977 1796 3064; x_wconf 85' lang='lat' dir='ltr'>apud</span> <span class='ocrx_word' id='word_1_250' title='bbox 1818 2973 1978 3042; x_wconf 85' lang='lat' dir='ltr'>Citienees</span> 
     </span>
     <span class='ocr_line' id='line_1_22' title="bbox 348 3087 1978 3178; baseline -0.001 -24"><span class='ocrx_word' id='word_1_251' title='bbox 348 3087 450 3154; x_wconf 86' lang='lat' dir='ltr'>solius</span> <span class='ocrx_word' id='word_1_252' title='bbox 472 3087 664 3154; x_wconf 86' lang='lat' dir='ltr'>Phoeniciae</span> <span class='ocrx_word' id='word_1_253' title='bbox 692 3089 823 3178; x_wconf 85' lang='lat' dir='ltr'>linguae</span> <span class='ocrx_word' id='word_1_254' title='bbox 851 3114 944 3157; x_wconf 86' lang='lat' dir='ltr'>usum</span> <span class='ocrx_word' id='word_1_255' title='bbox 974 3095 1134 3178; x_wconf 83' lang='lat' dir='ltr'>viguisse,</span> <span class='ocrx_word' id='word_1_256' title='bbox 1162 3092 1197 3156; x_wconf 93' lang='lat' dir='ltr'>id</span> <span class='ocrx_word' id='word_1_257' title='bbox 1224 3090 1307 3177; x_wconf 89' lang='lat' dir='ltr'>quod</span> <span class='ocrx_word' id='word_1_258' title='bbox 1329 3089 1476 3178; x_wconf 89' lang='lat' dir='ltr'>longiore</span> <span class='ocrx_word' id='word_1_259' title='bbox 1498 3105 1572 3178; x_wconf 83' lang='lat' dir='ltr'>post</span> <span class='ocrx_word' id='word_1_260' title='bbox 1593 3088 1813 3156; x_wconf 89' lang='lat' dir='ltr'>Alexandrum</span> <span class='ocrx_word' id='word_1_261' title='bbox 1836 3102 1978 3175; x_wconf 87' lang='lat' dir='ltr'>tempore</span> 
     </span>
    </p>
   </div>
   <div class='ocr_carea' id='block_1_7' title="bbox 349 3199 1980 3400">
    <p class='ocr_par' dir='ltr' id='par_1_8' title="bbox 349 3199 1980 3400">
     <span class='ocr_line' id='line_1_23' title="bbox 349 3199 1980 3290; baseline 0.001 -26"><span class='ocrx_word' id='word_1_262' title='bbox 349 3203 406 3264; x_wconf 82' lang='lat' dir='ltr'>va</span> <span class='ocrx_word' id='word_1_263' title='bbox 419 3199 536 3264; x_wconf 86' lang='lat' dir='ltr'>l&#39;actnrd</span> <span class='ocrx_word' id='word_1_264' title='bbox 554 3203 676 3265; x_wconf 87' lang='lat' dir='ltr'>credas.</span> <span class='ocrx_word' id='word_1_265' title='bbox 719 3200 891 3270; x_wconf 86' lang='lat' dir='ltr'>Caeterum</span> <span class='ocrx_word' id='word_1_266' title='bbox 912 3207 1009 3270; x_wconf 89' lang='lat' dir='ltr'>etiam</span> <span class='ocrx_word' id='word_1_267' title='bbox 1031 3207 1226 3283; x_wconf 68' lang='lat' dir='ltr'>commutata</span> <span class='ocrx_word' id='word_1_268' title='bbox 1238 3202 1336 3286; x_wconf 81' lang='lat' dir='ltr'>Cypri</span> <span class='ocrx_word' id='word_1_269' title='bbox 1357 3223 1473 3290; x_wconf 88' lang='lat' dir='ltr'>graece</span> <span class='ocrx_word' id='word_1_270' title='bbox 1494 3205 1647 3287; x_wconf 84' lang='lat' dir='ltr'>inscripta</span> <span class='ocrx_word' id='word_1_271' title='bbox 1667 3205 1832 3268; x_wconf 84' lang='lat' dir='ltr'>rarissima</span> <span class='ocrx_word' id='word_1_272' title='bbox 1852 3213 1927 3268; x_wconf 89' lang='lat' dir='ltr'>suut</span> <span class='ocrx_word' id='word_1_273' title='bbox 1947 3214 1980 3266; x_wconf 90' lang='lat' dir='ltr'>et</span> 
     </span>
     <span class='ocr_line' id='line_1_24' title="bbox 350 3318 879 3400; baseline 0.004 -22"><span class='ocrx_word' id='word_1_274' title='bbox 350 3332 501 3400; x_wconf 82' lang='lat' dir='ltr'>magnam</span> <span class='ocrx_word' id='word_1_275' title='bbox 524 3325 645 3395; x_wconf 86' lang='lat' dir='ltr'>partem</span> <span class='ocrx_word' id='word_1_276' title='bbox 668 3318 879 3398; x_wconf 79' lang='lat' dir='ltr'>suspecta**).</span> 
     </span>
    </p>
   </div>
   <div class='ocr_carea' id='block_1_8' title="bbox 352 3420 1982 4974">
    <p class='ocr_par' dir='ltr' id='par_1_9' title="bbox 352 3420 1981 4075">
     <span class='ocr_line' id='line_1_25' title="bbox 478 3420 1979 3513; baseline 0.001 -26"><span class='ocrx_word' id='word_1_277' title='bbox 478 3431 511 3487; x_wconf 89' lang='grc'>4.</span> <span class='ocrx_word' id='word_1_278' title='bbox 532 3420 625 3499; x_wconf 81' lang='lat' dir='ltr'>Quod</span> <span class='ocrx_word' id='word_1_279' title='bbox 637 3428 732 3490; x_wconf 89' lang='lat' dir='ltr'>etiem</span> <span class='ocrx_word' id='word_1_280' title='bbox 740 3422 885 3489; x_wconf 74' lang='lat' dir='ltr'>Athenis</span> <span class='ocrx_word' id='word_1_281' title='bbox 899 3427 1031 3488; x_wconf 89' lang='lat' dir='ltr'>iuventa</span> <span class='ocrx_word' id='word_1_282' title='bbox 1043 3438 1119 3488; x_wconf 86' lang='lat' dir='ltr'>sunt</span> <span class='ocrx_word' id='word_1_283' title='bbox 1132 3427 1193 3490; x_wconf 86' lang='lat' dir='ltr'>tria</span> <span class='ocrx_word' id='word_1_284' title='bbox 1210 3447 1370 3490; x_wconf 85' lang='lat' dir='ltr'>marmora</span> <span class='ocrx_word' id='word_1_285' title='bbox 1378 3424 1558 3511; x_wconf 87' lang='lat' dir='ltr'>phoeniciia</span> <span class='ocrx_word' id='word_1_286' title='bbox 1572 3425 1689 3491; x_wconf 86' lang='lat' dir='ltr'>litteris</span> <span class='ocrx_word' id='word_1_287' title='bbox 1702 3428 1864 3513; x_wconf 84' lang='lat' dir='ltr'>iuscripta,</span> <span class='ocrx_word' id='word_1_288' title='bbox 1879 3445 1979 3512; x_wconf 84' lang='lat' dir='ltr'>eaque</span> 
     </span>
     <span class='ocr_line' id='line_1_26' title="bbox 352 3533 1980 3624; baseline 0 -21"><span class='ocrx_word' id='word_1_289' title='bbox 352 3537 462 3603; x_wconf 86' lang='lat' dir='ltr'>ornnia</span> <span class='ocrx_word' id='word_1_290' title='bbox 483 3533 642 3624; x_wconf 88' lang='lat' dir='ltr'>bilinguia</span> <span class='ocrx_word' id='word_1_291' title='bbox 662 3540 706 3616; x_wconf 82' lang='lat' dir='ltr'>(v.</span> <span class='ocrx_word' id='word_1_292' title='bbox 728 3535 785 3600; x_wconf 89' lang='lat' dir='ltr'>lib.</span> <span class='ocrx_word' id='word_1_293' title='bbox 809 3535 859 3616; x_wconf 95' lang='lat' dir='ltr'>ll,</span> <span class='ocrx_word' id='word_1_294' title='bbox 881 3557 951 3621; x_wconf 89' lang='lat' dir='ltr'>cap.</span> <span class='ocrx_word' id='word_1_295' title='bbox 973 3537 1025 3618; x_wconf 83' lang='lat'>2),</span> <span class='ocrx_word' id='word_1_296' title='bbox 1048 3534 1129 3600; x_wconf 93' lang='lat' dir='ltr'>nibil</span> <span class='ocrx_word' id='word_1_297' title='bbox 1150 3533 1238 3602; x_wconf 91' lang='lat' dir='ltr'>aliud</span> <span class='ocrx_word' id='word_1_298' title='bbox 1261 3535 1389 3621; x_wconf 90' lang='lat' dir='ltr'>probat,</span> <span class='ocrx_word' id='word_1_299' title='bbox 1415 3559 1510 3623; x_wconf 85' lang='lat' dir='ltr'>quatu</span> <span class='ocrx_word' id='word_1_300' title='bbox 1532 3553 1726 3604; x_wconf 87' lang='lat' dir='ltr'>mercatores</span> <span class='ocrx_word' id='word_1_301' title='bbox 1748 3538 1795 3603; x_wconf 92' lang='lat' dir='ltr'>ibi</span> <span class='ocrx_word' id='word_1_302' title='bbox 1817 3538 1980 3603; x_wconf 86' lang='lat' dir='ltr'>habitasse</span> 
     </span>
     <span class='ocr_line' id='line_1_27' title="bbox 352 3631 1981 3743; baseline -0.005 -23"><span class='ocrx_word' id='word_1_303' title='bbox 352 3655 553 3743; x_wconf 81' lang='lat' dir='ltr'>phoeniciae,</span> <span class='ocrx_word' id='word_1_304' title='bbox 578 3653 631 3738; x_wconf 91' lang='lat' dir='ltr'>qui</span> <span class='ocrx_word' id='word_1_305' title='bbox 653 3663 779 3735; x_wconf 89' lang='lat' dir='ltr'>praeter</span> <span class='ocrx_word' id='word_1_306' title='bbox 800 3647 965 3734; x_wconf 81' lang='lat' dir='ltr'>vulgarem</span> <span class='ocrx_word' id='word_1_307' title='bbox 985 3645 1114 3734; x_wconf 86' lang='lat' dir='ltr'>linguae</span> <span class='ocrx_word' id='word_1_308' title='bbox 1137 3669 1272 3733; x_wconf 77' lang='lat' dir='ltr'>graecae</span> <span class='ocrx_word' id='word_1_309' title='bbox 1294 3671 1387 3714; x_wconf 87' lang='lat' dir='ltr'>usum</span> <span class='ocrx_word' id='word_1_310' title='bbox 1409 3631 1506 3713; x_wconf 88' lang='lat' dir='ltr'>etiarn</span> <span class='ocrx_word' id='word_1_311' title='bbox 1528 3653 1652 3736; x_wconf 87' lang='lat' dir='ltr'>patriae</span> <span class='ocrx_word' id='word_1_312' title='bbox 1667 3651 1796 3738; x_wconf 86' lang='lat' dir='ltr'>linguae</span> <span class='ocrx_word' id='word_1_313' title='bbox 1810 3664 1981 3716; x_wconf 86' lang='lat' dir='ltr'>cousuetu-</span> 
     </span>
     <span class='ocr_line' id='line_1_28' title="bbox 352 3759 1980 3848; baseline -0.005 -17"><span class='ocrx_word' id='word_1_314' title='bbox 352 3768 460 3831; x_wconf 89' lang='lat' dir='ltr'>dinem</span> <span class='ocrx_word' id='word_1_315' title='bbox 488 3776 665 3829; x_wconf 88' lang='lat' dir='ltr'>servarent.</span> <span class='ocrx_word' id='word_1_316' title='bbox 709 3759 878 3848; x_wconf 78' lang='lat' dir='ltr'>Elegantia</span> <span class='ocrx_word' id='word_1_317' title='bbox 900 3775 1177 3826; x_wconf 88' lang='lat' dir='ltr'>monumentorum</span> <span class='ocrx_word' id='word_1_318' title='bbox 1200 3774 1233 3824; x_wconf 91' lang='lat' dir='ltr'>et</span> <span class='ocrx_word' id='word_1_319' title='bbox 1254 3781 1382 3837; x_wconf 86' lang='lat' dir='ltr'>eorum,</span> <span class='ocrx_word' id='word_1_320' title='bbox 1417 3764 1471 3848; x_wconf 91' lang='lat' dir='ltr'>qui</span> <span class='ocrx_word' id='word_1_321' title='bbox 1493 3777 1666 3845; x_wconf 89' lang='lat' dir='ltr'>ponerent,</span> <span class='ocrx_word' id='word_1_322' title='bbox 1696 3764 1824 3826; x_wconf 87' lang='lat' dir='ltr'>divitias</span> <span class='ocrx_word' id='word_1_323' title='bbox 1847 3775 1879 3826; x_wconf 86' lang='lat' dir='ltr'>et</span> <span class='ocrx_word' id='word_1_324' title='bbox 1901 3762 1980 3826; x_wconf 86' lang='lat' dir='ltr'>satis</span> 
     </span>
     <span class='ocr_line' id='line_1_29' title="bbox 353 3871 1980 3962; baseline -0.003 -18"><span class='ocrx_word' id='word_1_325' title='bbox 353 3879 521 3944; x_wconf 87' lang='lat' dir='ltr'>florentem</span> <span class='ocrx_word' id='word_1_326' title='bbox 548 3876 636 3940; x_wconf 88' lang='lat' dir='ltr'>urbis</span> <span class='ocrx_word' id='word_1_327' title='bbox 658 3887 794 3938; x_wconf 88' lang='lat' dir='ltr'>aetatem</span> <span class='ocrx_word' id='word_1_328' title='bbox 815 3878 937 3962; x_wconf 86' lang='lat' dir='ltr'>arguit:</span> <span class='ocrx_word' id='word_1_329' title='bbox 969 3888 1111 3940; x_wconf 84' lang='lat' dir='ltr'>ettamen</span> <span class='ocrx_word' id='word_1_330' title='bbox 1143 3876 1239 3940; x_wconf 91' lang='lat' dir='ltr'>etiam</span> <span class='ocrx_word' id='word_1_331' title='bbox 1268 3871 1535 3960; x_wconf 77' lang='lat' dir='ltr'>Beeclrhius***),</span> <span class='ocrx_word' id='word_1_332' title='bbox 1564 3871 1793 3940; x_wconf 82' lang='lat' dir='ltr'>Demosthenis</span> <span class='ocrx_word' id='word_1_333' title='bbox 1815 3895 1854 3936; x_wconf 87' lang='lat' dir='ltr'>ee</span> <span class='ocrx_word' id='word_1_334' title='bbox 1875 3885 1980 3940; x_wconf 86' lang='lat' dir='ltr'>aetate</span> 
     </span>
     <span class='ocr_line' id='line_1_30' title="bbox 354 3989 924 4075; baseline -0.012 -18"><span class='ocrx_word' id='word_1_335' title='bbox 354 4013 418 4056; x_wconf 92' lang='lat' dir='ltr'>non</span> <span class='ocrx_word' id='word_1_336' title='bbox 441 3991 608 4075; x_wconf 88' lang='lat' dir='ltr'>superiora</span> <span class='ocrx_word' id='word_1_337' title='bbox 630 4009 702 4051; x_wconf 85' lang='lat' dir='ltr'>esse</span> <span class='ocrx_word' id='word_1_338' title='bbox 724 3989 924 4072; x_wconf 86' lang='lat' dir='ltr'>pronunciat.</span> 
     </span>
    </p>

    <p class='ocr_par' dir='ltr' id='par_1_10' title="bbox 355 4095 1982 4974">
     <span class='ocr_line' id='line_1_31' title="bbox 480 4095 1980 4184; baseline -0.003 -18"><span class='ocrx_word' id='word_1_339' title='bbox 480 4101 518 4166; x_wconf 94' lang='lat' dir='ltr'>In</span> <span class='ocrx_word' id='word_1_340' title='bbox 541 4097 646 4165; x_wconf 86' lang='lat' dir='ltr'>insula</span> <span class='ocrx_word' id='word_1_341' title='bbox 666 4098 808 4177; x_wconf 77' lang='lat' dir='ltr'>Melt&#39;te,</span> <span class='ocrx_word' id='word_1_342' title='bbox 830 4101 968 4184; x_wconf 91' lang='lat' dir='ltr'>primum</span> <span class='ocrx_word' id='word_1_343' title='bbox 992 4120 1013 4162; x_wconf 92' lang='lat' dir='ltr'>a</span> <span class='ocrx_word' id='word_1_344' title='bbox 1030 4097 1264 4177; x_wconf 83' lang='lat' dir='ltr'>Phoenicibus,</span> <span class='ocrx_word' id='word_1_345' title='bbox 1287 4098 1361 4162; x_wconf 88' lang='lat' dir='ltr'>dein</span> <span class='ocrx_word' id='word_1_346' title='bbox 1378 4111 1410 4162; x_wconf 90' lang='lat' dir='ltr'>et</span> <span class='ocrx_word' id='word_1_347' title='bbox 1425 4098 1489 4160; x_wconf 88' lang='lat' dir='ltr'>iam</span> <span class='ocrx_word' id='word_1_348' title='bbox 1506 4097 1600 4182; x_wconf 90' lang='lat' dir='ltr'>primi</span> <span class='ocrx_word' id='word_1_349' title='bbox 1616 4095 1691 4161; x_wconf 91' lang='lat' dir='ltr'>belli</span> <span class='ocrx_word' id='word_1_350' title='bbox 1704 4099 1812 4182; x_wconf 90' lang='lat' dir='ltr'>punici</span> <span class='ocrx_word' id='word_1_351' title='bbox 1826 4112 1980 4184; x_wconf 90' lang='lat' dir='ltr'>tempore,</span> 
     </span>
     <span class='ocr_line' id='line_1_32' title="bbox 357 4208 1982 4298; baseline -0.004 -17"><span class='ocrx_word' id='word_1_352' title='bbox 357 4239 378 4281; x_wconf 92' lang='lat' dir='ltr'>a</span> <span class='ocrx_word' id='word_1_353' title='bbox 392 4215 508 4280; x_wconf 84' lang='lat' dir='ltr'>Poenis</span> <span class='ocrx_word' id='word_1_354' title='bbox 522 4211 664 4278; x_wconf 87' lang='lat' dir='ltr'>habitata</span> <span class='ocrx_word' id='word_1_355' title='bbox 688 4213 730 4294; x_wconf 87' lang='lat' dir='ltr'>(v.</span> <span class='ocrx_word' id='word_1_356' title='bbox 742 4209 799 4274; x_wconf 85' lang='lat' dir='ltr'>llb.</span> <span class='ocrx_word' id='word_1_357' title='bbox 815 4210 857 4288; x_wconf 94' lang='lat' dir='ltr'>ll,</span> <span class='ocrx_word' id='word_1_358' title='bbox 881 4209 948 4296; x_wconf 61' lang='lat' dir='ltr'>cap,</span> <span class='ocrx_word' id='word_1_359' title='bbox 964 4215 998 4295; x_wconf 87' lang='grc'>1)</span> <span class='ocrx_word' id='word_1_360' title='bbox 1019 4225 1144 4298; x_wconf 88' lang='lat' dir='ltr'>praeter</span> <span class='ocrx_word' id='word_1_361' title='bbox 1163 4209 1247 4274; x_wconf 82' lang='lat' dir='ltr'>alios</span> <span class='ocrx_word' id='word_1_362' title='bbox 1269 4213 1402 4295; x_wconf 90' lang='lat' dir='ltr'>turpiter</span> <span class='ocrx_word' id='word_1_363' title='bbox 1418 4209 1545 4272; x_wconf 91' lang='lat' dir='ltr'>habitos</span> <span class='ocrx_word' id='word_1_364' title='bbox 1561 4223 1707 4294; x_wconf 88' lang='lat' dir='ltr'>quattuor</span> <span class='ocrx_word' id='word_1_365' title='bbox 1722 4208 1803 4274; x_wconf 91' lang='lat' dir='ltr'>tituli</span> <span class='ocrx_word' id='word_1_366' title='bbox 1820 4209 1982 4296; x_wconf 90' lang='lat' dir='ltr'>phoenicii</span> 
     </span>
     <span class='ocr_line' id='line_1_33' title="bbox 355 4301 1981 4415; baseline -0.006 -21"><span class='ocrx_word' id='word_1_367' title='bbox 355 4331 473 4415; x_wconf 87' lang='lat' dir='ltr'>reperti</span> <span class='ocrx_word' id='word_1_368' title='bbox 489 4339 581 4402; x_wconf 90' lang='lat' dir='ltr'>sunt,</span> <span class='ocrx_word' id='word_1_369' title='bbox 603 4327 686 4388; x_wconf 78' lang='lat' dir='ltr'>Inter</span> <span class='ocrx_word' id='word_1_370' title='bbox 701 4343 877 4409; x_wconf 79' lang='lat' dir='ltr'>quesumus</span> <span class='ocrx_word' id='word_1_371' title='bbox 893 4321 1152 4409; x_wconf 84' lang='lat' dir='ltr'>elegantissImus</span> <span class='ocrx_word' id='word_1_372' title='bbox 1169 4322 1339 4409; x_wconf 87' lang='lat' dir='ltr'>biliuguis,</span> <span class='ocrx_word' id='word_1_373' title='bbox 1363 4321 1551 4407; x_wconf 77' lang='lat' dir='ltr'>phoeniciae</span> <span class='ocrx_word' id='word_1_374' title='bbox 1564 4335 1597 4386; x_wconf 90' lang='lat' dir='ltr'>at</span> <span class='ocrx_word' id='word_1_375' title='bbox 1613 4343 1765 4408; x_wconf 79' lang='lat' dir='ltr'>graecus,</span> <span class='ocrx_word' id='word_1_376' title='bbox 1788 4345 1808 4386; x_wconf 91' lang='lat' dir='ltr'>a</span> <span class='ocrx_word' id='word_1_377' title='bbox 1822 4301 1981 4408; x_wconf 76' lang='lat' dir='ltr'>Dionysio</span> 
     </span>
     <span class='ocr_line' id='line_1_34' title="bbox 355 4432 1979 4526; baseline -0.005 -20"><span class='ocrx_word' id='word_1_378' title='bbox 355 4455 389 4506; x_wconf 91' lang='lat' dir='ltr'>ct</span> <span class='ocrx_word' id='word_1_379' title='bbox 403 4439 578 4526; x_wconf 86' lang='lat' dir='ltr'>Serapione</span> <span class='ocrx_word' id='word_1_380' title='bbox 593 4433 763 4512; x_wconf 81' lang='lat' dir='ltr'>fratribus,</span> <span class='ocrx_word' id='word_1_381' title='bbox 787 4436 915 4497; x_wconf 89' lang='lat' dir='ltr'>natione</span> <span class='ocrx_word' id='word_1_382' title='bbox 929 4433 1057 4518; x_wconf 86' lang='lat' dir='ltr'>Tyriis,</span> <span class='ocrx_word' id='word_1_383' title='bbox 1080 4441 1220 4524; x_wconf 87' lang='lat' dir='ltr'>positus,</span> <span class='ocrx_word' id='word_1_384' title='bbox 1243 4459 1336 4523; x_wconf 90' lang='lat' dir='ltr'>quem</span> <span class='ocrx_word' id='word_1_385' title='bbox 1356 4432 1533 4498; x_wconf 86' lang='lat' dir='ltr'>Alexandri</span> <span class='ocrx_word' id='word_1_386' title='bbox 1548 4433 1660 4522; x_wconf 86' lang='lat' dir='ltr'>Magni</span> <span class='ocrx_word' id='word_1_387' title='bbox 1677 4449 1780 4499; x_wconf 85' lang='lat' dir='ltr'>aetate</span> <span class='ocrx_word' id='word_1_388' title='bbox 1794 4437 1979 4500; x_wconf 87' lang='lat' dir='ltr'>inferiorern</span> 
     </span>
     <span class='ocr_line' id='line_1_35' title="bbox 356 4543 1981 4635; baseline -0.004 -16"><span class='ocrx_word' id='word_1_389' title='bbox 356 4569 389 4619; x_wconf 89' lang='lat' dir='ltr'>ct</span> <span class='ocrx_word' id='word_1_390' title='bbox 419 4555 505 4618; x_wconf 90' lang='lat' dir='ltr'>tertii</span> <span class='ocrx_word' id='word_1_391' title='bbox 534 4551 602 4613; x_wconf 85' lang='lat' dir='ltr'>lere</span> <span class='ocrx_word' id='word_1_392' title='bbox 631 4562 704 4612; x_wconf 88' lang='lat' dir='ltr'>autc</span> <span class='ocrx_word' id='word_1_393' title='bbox 730 4543 937 4611; x_wconf 70' lang='lat' dir='ltr'>Chunorum</span> <span class='ocrx_word' id='word_1_394' title='bbox 962 4547 1061 4614; x_wconf 85' lang='lat' dir='ltr'>seculi</span> <span class='ocrx_word' id='word_1_395' title='bbox 1088 4571 1160 4614; x_wconf 87' lang='lat' dir='ltr'>ease</span> <span class='ocrx_word' id='word_1_396' title='bbox 1188 4547 1331 4635; x_wconf 86' lang='lat' dir='ltr'>plerique</span> <span class='ocrx_word' id='word_1_397' title='bbox 1356 4551 1571 4612; x_wconf 87' lang='lat' dir='ltr'>consentiunt.</span> <span class='ocrx_word' id='word_1_398' title='bbox 1621 4546 1672 4612; x_wconf 87' lang='lat' dir='ltr'>De</span> <span class='ocrx_word' id='word_1_399' title='bbox 1697 4551 1805 4614; x_wconf 90' lang='lat' dir='ltr'>numia</span> <span class='ocrx_word' id='word_1_400' title='bbox 1827 4545 1981 4612; x_wconf 86' lang='lat' dir='ltr'>Meliten-</span> 
     </span>
     <span class='ocr_line' id='line_1_36' title="bbox 355 4654 1979 4750; baseline -0.006 -19"><span class='ocrx_word' id='word_1_401' title='bbox 355 4666 446 4732; x_wconf 86' lang='lat' dir='ltr'>sibus</span> <span class='ocrx_word' id='word_1_402' title='bbox 467 4667 642 4750; x_wconf 79' lang='grc' dir='ltr'><strong>φοινικικῶς</strong></span> <span class='ocrx_word' id='word_1_403' title='bbox 662 4663 824 4748; x_wconf 83' lang='lat' dir='ltr'>inscriptis</span> <span class='ocrx_word' id='word_1_404' title='bbox 847 4658 940 4726; x_wconf 84' lang='lat' dir='ltr'>uelde</span> <span class='ocrx_word' id='word_1_405' title='bbox 961 4663 1083 4726; x_wconf 89' lang='lat' dir='ltr'>incerta</span> <span class='ocrx_word' id='word_1_406' title='bbox 1104 4675 1226 4727; x_wconf 83' lang='lat' dir='ltr'>rescat</span> <span class='ocrx_word' id='word_1_407' title='bbox 1255 4659 1328 4744; x_wconf 89' lang='lat' dir='ltr'>(lib.</span> <span class='ocrx_word' id='word_1_408' title='bbox 1348 4657 1415 4739; x_wconf 86' lang='grc' dir='ltr'><strong>ΙΙΙ,</strong></span> <span class='ocrx_word' id='word_1_409' title='bbox 1445 4681 1497 4724; x_wconf 83' lang='lat' dir='ltr'>no.</span> <span class='ocrx_word' id='word_1_410' title='bbox 1521 4659 1640 4738; x_wconf 88' lang='lat' dir='ltr'>XIV),</span> <span class='ocrx_word' id='word_1_411' title='bbox 1668 4681 1764 4744; x_wconf 87' lang='lat' dir='ltr'>quum</span> <span class='ocrx_word' id='word_1_412' title='bbox 1788 4659 1828 4722; x_wconf 86' lang='lat' dir='ltr'>ad</span> <span class='ocrx_word' id='word_1_413' title='bbox 1853 4654 1979 4722; x_wconf 90' lang='lat' dir='ltr'>Ganlen</span> 
     </span>
     <span class='ocr_line' id='line_1_37' title="bbox 358 4771 1982 4866; baseline -0.007 -22"><span class='ocrx_word' id='word_1_414' title='bbox 358 4775 562 4866; x_wconf 84' lang='lat' dir='ltr'>probabilius</span> <span class='ocrx_word' id='word_1_415' title='bbox 583 4771 762 4859; x_wconf 72' lang='lat' dir='ltr'>pertidbant</span> <span class='ocrx_word' id='word_1_416' title='bbox 784 4773 863 4838; x_wconf 91' lang='lat' dir='ltr'>hacc</span> <span class='ocrx_word' id='word_1_417' title='bbox 884 4776 1094 4846; x_wconf 86' lang='lat' dir='ltr'>numismata;</span> <span class='ocrx_word' id='word_1_418' title='bbox 1117 4777 1172 4839; x_wconf 89' lang='lat' dir='ltr'>sed</span> <span class='ocrx_word' id='word_1_419' title='bbox 1198 4773 1364 4838; x_wconf 80' lang='lat' dir='ltr'>Cetturae</span> <span class='ocrx_word' id='word_1_420' title='bbox 1379 4774 1457 4836; x_wconf 87' lang='lat' dir='ltr'>satis</span> <span class='ocrx_word' id='word_1_421' title='bbox 1478 4785 1564 4835; x_wconf 88' lang='lat' dir='ltr'>certa</span> <span class='ocrx_word' id='word_1_422' title='bbox 1586 4785 1692 4834; x_wconf 87' lang='lat' dir='ltr'>exstat</span> <span class='ocrx_word' id='word_1_423' title='bbox 1717 4772 1850 4854; x_wconf 90' lang='lat' dir='ltr'>pecnnia</span> <span class='ocrx_word' id='word_1_424' title='bbox 1873 4772 1982 4846; x_wconf 78' lang='lat' dir='ltr'>variae,</span> 
     </span>
     <span class='ocr_line' id='line_1_38' title="bbox 357 4883 1600 4974; baseline -0.008 -19"><span class='ocrx_word' id='word_1_425' title='bbox 357 4893 489 4971; x_wconf 89' lang='lat' dir='ltr'>aetatis,</span> <span class='ocrx_word' id='word_1_426' title='bbox 511 4891 607 4952; x_wconf 80' lang='lat' dir='ltr'>etlam</span> <span class='ocrx_word' id='word_1_427' title='bbox 630 4885 803 4972; x_wconf 84' lang='lat' dir='ltr'>bilinguis,</span> <span class='ocrx_word' id='word_1_428' title='bbox 830 4907 910 4974; x_wconf 89' lang='lat' dir='ltr'>quae</span> <span class='ocrx_word' id='word_1_429' title='bbox 932 4906 1032 4973; x_wconf 85' lang='lat' dir='ltr'>usque</span> <span class='ocrx_word' id='word_1_430' title='bbox 1055 4884 1096 4948; x_wconf 92' lang='lat' dir='ltr'>ad</span> <span class='ocrx_word' id='word_1_431' title='bbox 1118 4883 1244 4950; x_wconf 80' lang='lat' dir='ltr'>Tiberii</span> <span class='ocrx_word' id='word_1_432' title='bbox 1266 4899 1403 4951; x_wconf 89' lang='lat' dir='ltr'>aetatem</span> <span class='ocrx_word' id='word_1_433' title='bbox 1426 4885 1600 4950; x_wconf 90' lang='lat' dir='ltr'>descendit.</span> 
     </span>
    </p>
   </div>
   <div class='ocr_carea' id='block_1_9' title="bbox 357 5181 1979 5452">
    <p class='ocr_par' dir='ltr' id='par_1_11' title="bbox 357 5181 1979 5452">
     <span class='ocr_line' id='line_1_39' title="bbox 357 5181 1979 5258; baseline -0.007 -12"><span class='ocrx_word' id='word_1_434' title='bbox 357 5207 417 5246; x_wconf 83' lang='lat' dir='ltr'>este</span> <span class='ocrx_word' id='word_1_435' title='bbox 434 5200 508 5245; x_wconf 86' lang='lat' dir='ltr'>recte</span> <span class='ocrx_word' id='word_1_436' title='bbox 524 5189 651 5244; x_wconf 81' lang='lat' dir='ltr'>viderunt</span> <span class='ocrx_word' id='word_1_437' title='bbox 665 5191 778 5254; x_wconf 79' lang='lat' dir='ltr'>Scaliger</span> <span class='ocrx_word' id='word_1_438' title='bbox 794 5189 827 5241; x_wconf 92' lang='lat' dir='ltr'>ad</span> <span class='ocrx_word' id='word_1_439' title='bbox 844 5189 939 5258; x_wconf 74' lang='lat' dir='ltr'>fragm.</span> <span class='ocrx_word' id='word_1_440' title='bbox 957 5195 1024 5242; x_wconf 78' lang='lat' dir='ltr'>vett.</span> <span class='ocrx_word' id='word_1_441' title='bbox 1044 5203 1071 5256; x_wconf 89' lang='lat' dir='ltr'>p.</span> <span class='ocrx_word' id='word_1_442' title='bbox 1091 5191 1133 5240; x_wconf 84' lang='lat' dir='ltr'>rt.</span> <span class='ocrx_word' id='word_1_443' title='bbox 1254 5183 1279 5252; x_wconf 71' lang='lat'>⁴)</span> <span class='ocrx_word' id='word_1_444' title='bbox 1298 5181 1979 5251; x_wconf 59' lang='lat' dir='ltr'>Jautonrttiopuscmd.teWstertt1‚p.126rqq.</span> 
     </span>
     <span class='ocr_line' id='line_1_40' title="bbox 359 5277 1823 5355; baseline -0.007 -13"><span class='ocrx_word' id='word_1_445' title='bbox 359 5287 501 5342; x_wconf 66' lang='lat' dir='ltr'>&amp;drumm</span> <span class='ocrx_word' id='word_1_446' title='bbox 527 5287 554 5341; x_wconf 88' lang='lat' dir='ltr'>in</span> <span class='ocrx_word' id='word_1_447' title='bbox 579 5287 686 5342; x_wconf 88' lang='lat' dir='ltr'>Cenaeo</span> <span class='ocrx_word' id='word_1_448' title='bbox 712 5291 743 5355; x_wconf 89' lang='lat'>1,</span> <span class='ocrx_word' id='word_1_449' title='bbox 769 5288 795 5340; x_wconf 85' lang='grc'>6.</span> <span class='ocrx_word' id='word_1_450' title='bbox 839 5289 953 5340; x_wconf 72' lang='lat' dir='ltr'>cuonem</span> <span class='ocrx_word' id='word_1_451' title='bbox 978 5287 1012 5338; x_wconf 88' lang='lat' dir='ltr'>de</span> <span class='ocrx_word' id='word_1_452' title='bbox 1029 5286 1132 5354; x_wconf 90' lang='lat' dir='ltr'>republ.</span> <span class='ocrx_word' id='word_1_453' title='bbox 1254 5278 1294 5346; x_wconf 73' lang='lat' dir='ltr'>”l</span> <span class='ocrx_word' id='word_1_454' title='bbox 1315 5280 1384 5334; x_wconf 90' lang='lat' dir='ltr'>Vide</span> <span class='ocrx_word' id='word_1_455' title='bbox 1401 5277 1505 5332; x_wconf 81' lang='lat' dir='ltr'>Eekhel</span> <span class='ocrx_word' id='word_1_456' title='bbox 1522 5279 1557 5331; x_wconf 85' lang='lat' dir='ltr'>D.</span> <span class='ocrx_word' id='word_1_457' title='bbox 1578 5279 1610 5331; x_wconf 81' lang='lat' dir='ltr'>N.</span> <span class='ocrx_word' id='word_1_458' title='bbox 1630 5279 1689 5345; x_wconf 84' lang='grc' dir='ltr'><strong>ΙΙΙ,</strong></span> <span class='ocrx_word' id='word_1_459' title='bbox 1709 5281 1744 5334; x_wconf 85' lang='grc'>83</span> <span class='ocrx_word' id='word_1_460' title='bbox 1765 5295 1823 5349; x_wconf 82' lang='lat' dir='ltr'>sqq.</span> 
     </span>
     <span class='ocr_line' id='line_1_41' title="bbox 359 5373 1783 5452; baseline -0.005 -15"><span class='ocrx_word' id='word_1_461' title='bbox 359 5383 446 5438; x_wconf 77' lang='lat' dir='ltr'>ldebr·</span> <span class='ocrx_word' id='word_1_462' title='bbox 464 5387 496 5452; x_wconf 85' lang='lat'>2,</span> <span class='ocrx_word' id='word_1_463' title='bbox 513 5386 540 5438; x_wconf 89' lang='grc'>8.</span> <span class='ocrx_word' id='word_1_464' title='bbox 1250 5373 1306 5443; x_wconf 64' lang='grc' dir='ltr'>ω)</span> <span class='ocrx_word' id='word_1_465' title='bbox 1326 5375 1429 5446; x_wconf 85' lang='lat' dir='ltr'>Corpus</span> <span class='ocrx_word' id='word_1_466' title='bbox 1446 5375 1528 5430; x_wconf 79' lang='lat' dir='ltr'>inter.</span> <span class='ocrx_word' id='word_1_467' title='bbox 1550 5377 1580 5444; x_wconf 90' lang='lat' dir='ltr'>l,</span> <span class='ocrx_word' id='word_1_468' title='bbox 1599 5395 1626 5445; x_wconf 87' lang='lat' dir='ltr'>p.</span> <span class='ocrx_word' id='word_1_469' title='bbox 1644 5378 1703 5432; x_wconf 76' lang='lat' dir='ltr'>tta.</span> <span class='ocrx_word' id='word_1_470' title='bbox 1723 5379 1783 5431; x_wconf 80' lang='lat'><strong>527.</strong></span> 
     </span>
    </p>
   </div>
   <div class='ocr_carea' id='block_1_10' title="bbox 1548 5480 1601 5543">
    <p class='ocr_par' dir='ltr' id='par_1_12' title="bbox 1548 5480 1601 5543">
     <span class='ocr_line' id='line_1_42' title="bbox 1548 5480 1601 5543; baseline 0 -31"><span class='ocrx_word' id='word_1_471' title='bbox 1548 5480 1601 5543; x_wconf 63' lang='lat'>2}</span> 
     </span>
    </p>
   </div>
   <div class='ocr_carea' id='block_1_11' title="bbox 0 0 2515 6292">
    <p class='ocr_par' dir='ltr' id='par_1_13' title="bbox 0 0 2515 6292">
     <span class='ocr_line' id='line_1_43' title="bbox 0 0 2515 6292; baseline 0 0"><span class='ocrx_word' id='word_1_472' title='bbox 0 0 2515 6292; x_wconf 95' lang='lat' dir='ltr'> </span> 
     </span>
    </p>
   </div>
  </div>
 </body>
</html>
