4938 6302
821 675 861 742 A.
905 673 1072 743 PUNICA
1092 675 1214 744 APUD
1236 677 1466 748 PLAUTUM.
1893 684 1968 758 367
1996 673 1998 680 ¹

338 867 413 946 lert,
437 879 503 930 tum
518 866 668 951 danique,
691 863 775 950 qnod
792 867 926 930 maximi
941 866 1068 951 quidem
1082 870 1238 932 momenti
1252 880 1319 949 eet,
1343 889 1415 933 cum
1428 864 1559 955 linguae
1573 867 1712 933 Punicae
1728 883 1842 932 natura
1857 883 1890 932 et
1902 873 1965 933 vir-

337 979 460 1046 tutibus
475 977 605 1044 aliunde
621 979 758 1064 cognitis
771 998 901 1063 prorsus
919 981 1071 1044 convenit
1081 978 1123 1067 ¹l),
1141 1003 1204 1067 qua
1218 983 1287 1066 ipsa
1300 1001 1336 1046 re
1348 979 1401 1044 vel
1416 984 1549 1048 minima
1562 980 1756 1069 significatio
1773 983 1966 1067 suspicionis

337 1092 378 1158 ab
395 1089 580 1178 Adalungio
599 1087 677 1155 olim
698 1102 805 1154 motae
817 1089 859 1172 **)
881 1087 1016 1158 tollitur.
1061 1089 1153 1169 Quae
1169 1095 1199 1158 si
1211 1091 1379 1178 explorata
1393 1107 1485 1176 eunt,
1508 1115 1573 1159 non
1592 1093 1727 1160 multum
1743 1095 1857 1160 attinet
1870 1115 1966 1180 qnae-

337 1225 427 1283 rere‚
450 1203 537 1270 unde
551 1202 637 1270 hanc
650 1203 792 1267 Puniceo
805 1199 936 1288 linguae
952 1206 1168 1290 cognitionem
1184 1204 1330 1270 hauserit
1341 1205 1491 1286 Plautus,
1515 1209 1605 1272 cuius
1619 1210 1667 1272 rei
1680 1229 1744 1272 non
1765 1228 1831 1271 una
1843 1227 1966 1272 caussa

336 1319 471 1405 cogitari
493 1329 608 1403 potest.
658 1315 789 1382 Poterat
813 1316 843 1380 is
871 1315 975 1402 (quod
998 1315 1102 1402 ipsum
1125 1317 1305 1404 complures
1326 1323 1483 1404 suspicati
1504 1321 1596 1406 runt)
1619 1321 1653 1385 in
1675 1318 1787 1385 Africa
1807 1319 1966 1405 stipendia

334 1432 495 1496 meruisse
523 1426 574 1492 rel
599 1425 664 1492 alia
691 1448 878 1515 quacunque
900 1429 940 1494 de
963 1449 1077 1494 caussa
1098 1427 1328 1518 aliquantisper
1346 1435 1444 1499 vitam
1468 1433 1611 1518 degisse:
1643 1433 1700 1497 red
1721 1445 1846 1518 potarat
1868 1435 1963 1500 etiem

335 1547 370 1608 in
391 1546 462 1628 ipsa
482 1540 564 1606 urbe
587 1541 708 1606 Punice
730 1537 904 1618 didicisse,
939 1540 997 1606 nbi
1017 1542 1106 1622 einr,
1128 1543 1163 1608 id
1185 1557 1234 1608 est
1255 1541 1335 1608 belli
1358 1542 1472 1609 Punici
1493 1546 1639 1624 secundi,
1662 1557 1765 1608 aetate
1788 1541 1964 1629 permultos

335 1655 437 1720 luisse
465 1653 587 1719 Punice
615 1654 727 1719 doctos
756 1673 853 1741 quum
880 1673 938 1739 per
959 1667 1140 1741 temporum
1161 1637 1304 1722 rationes
1325 1649 1404 1722 ratis
1426 1655 1579 1721 credibile
1598 1670 1631 1720 et
1648 1655 1776 1722 aliunde
1789 1669 1900 1720 notum
1914 1669 1964 1721 ert

335 1767 442 1856 (Plin.
463 1765 592 1846 XVlll,
615 1765 657 1846 5)
694 1780 762 1830 tum
791 1765 826 1829 id
857 1767 962 1850 iprum
999 1771 1106 1855 arguit
1116 1743 1143 1848 ,⁸
1168 1771 1253 1856 qnod
1275 1767 1408 1835 Plautus
1429 1768 1577 1835 hemines
1598 1769 1719 1836 Punice
1739 1767 1907 1855 loquentes
1927 1770 1962 1832 in

335 1901 475 1957 ,scenam
489 1880 608 1946 ducere
631 1899 696 1944 non
719 1875 888 1944 dubitarit.

463 2049 494 2108 2.
537 2041 702 2107 Eximinm
731 2039 890 2128 quoddam
920 2041 1193 2126 interpretationis
1221 2041 1400 2110 subsidium
1430 2058 1552 2109 temere
1580 2065 1599 2108 a
1627 2041 1790 2109 nonnullis
1812 2055 1963 2128 spretum,

335 2159 375 2223 nd
397 2157 482 2243 quod
503 2177 562 2220 cen
584 2154 624 2220 ad
639 2149 777 2240 lapidem
793 2152 933 2238 Lydium
948 2155 1053 2219 omnis
1067 2153 1181 2220 Punici
1200 2159 1360 2222 sermonis
1375 2155 1547 2244 explicatio
1564 2159 1651 2243 exigi
1666 2169 1785 2242 potest,
1806 2154 1963 2220 habemns

334 2273 368 2334 iu
399 2271 502 2356 ipsius
523 2267 630 2332 Plauti
652 2267 916 2352 interpretatione
940 2268 1073 2332 metrica
1095 2269 1207 2348 „deos
1229 2269 1368 2356 deasque
1388 2291 1525 2334 veneror
1547 2267 1636 2334 rel.“
1660 2291 1756 2356 quam
1777 2269 1962 2356 genuinam,

333 2397 420 2448 certe
448 2379 553 2445 Plauti
581 2393 685 2443 aetate
712 2378 831 2444 laetam
859 2399 952 2458 esse,
991 2395 1191 2466 agnoverunt
1220 2404 1333 2448 omnes
1363 2381 1492 2448 fabulae
1514 2386 1726 2469 interpretes,
1761 2401 1845 2446 unus
1878 2381 1961 2467 quod
1990 2377 2005 2392 “

335 2499 436 2561 sciam
465 2490 712 2558 Bellermanuns
741 2512 841 2578 nuper
866 2493 901 2556 in
931 2492 1065 2558 dubium
1087 2496 1213 2558 vocavit
1236 2492 1324 2582 (lp.
1349 2495 1429 2580 19),
1460 2516 1634 2583 versusque
1655 2493 1730 2559 illes
1753 2509 1784 2558 et
1805 2516 1824 2558 n
1846 2491 1962 2557 Plauto

322 2607 496 2701 „protector
532 2626 604 2670 esse
640 2618 674 2669 et
710 2602 905 2670 Punicorum
936 2608 1130 2670 sententiam
1165 2586 1253 2672 reete
1290 2607 1425 2672 reddere
1461 2610 1609 2694 negavit,
1651 2607 1849 2692 argumentis
1884 2625 1962 2670 usus

218 2741 224 2764 ι
333 2722 375 2786 ad
408 2717 669 2806 persuadendum
702 2719 835 2782 minime
870 2718 1006 2783 idoneis.
1064 2715 1149 2784 Nam
1181 2721 1267 2806 quod
1295 2717 1408 2784 Punici
1436 2723 1594 2786 sermonis
1632 2719 1824 2784 sententiam
1851 2713 1961 2780 latinis

336 2831 483 2898 versibus
506 2829 640 2896 liberine
662 2851 756 2917 qnam
779 2831 958 2896 accuratius
979 2829 1138 2896 redditam
1167 2852 1239 2896 esse
1261 2829 1427 2912 observat,
1462 2833 1497 2898 id
1518 2845 1554 2896 ut
1572 2829 1668 2897 facile
1690 2831 1894 2895 concedimus
1915 2829 1963 2892 ita

334 2942 500 3010 Plautinae
528 2945 648 3030 origini
674 2942 763 3007 levet
789 2943 894 3030 magis
923 2965 1019 3030 quam
1047 2944 1252 3024 adversatur,
1280 2967 1376 3032 quum
1398 2942 1496 3010 talem
1524 2945 1838 3032 interpretationem,
1878 2960 1961 3026 qnae

286 3261 291 3270 Ι
385 3197 410 3266 ⁸)
428 3197 460 3253 ln
478 3199 672 3268 prenureimrdir
684 3195 824 3253 vocalibus
836 3197 946 3250 Plautus
959 3211 1010 3265 pro
1023 3193 1041 3250 d
1059 3178 1115 3265 (l)

332 3305 490 3372 pierumque
520 3299 596 3370 ponit
619 3296 657 3367 t,
682 3307 713 3352 ut
727 3301 830 3352 aaran
850 3283 978 3358 nrrrbr,
1006 3297 1116 3364 synam

333 3405 444 3466 ιιιιιι,
477 3401 536 3468 usur
552 3385 669 3464 irtel,
698 3409 724 3455 u
746 3385 800 3462 rb,
827 3399 901 3464 rufe„
921 3399 1035 3474 resen,
1063 3418 1114 3466 gun

333 3509 404 3560 aelel
433 3489 488 3555 5Ξὶ
517 3501 607 3574 luat,
649 3521 718 3572 aptae
740 3501 846 3575 linguae
862 3503 1013 3571 proprietas
1035 3501 1114 3554 etiem

332 3610 440 3664 aliunde
468 3613 533 3660 nota
559 3613 600 3660 eet
624 3622 654 3660 r.
671 3622 696 3659 o.
714 3604 783 3670 mser
802 3597 909 3667 netu,
935 3606 1003 3660 rolris
1022 3589 1113 3656 tlibi)

332 3721 404 3779 tres,
429 3711 471 3766 ηἰι
488 3713 564 3766 usn
583 3715 679 3777 capnt,
703 3714 776 3760 ιιιιιιι
798 3691 876 3778 ῙἹὯΒ
889 3707 995 3781 lingua;
1015 3708 1114 3762 Sehwe

333 3809 441 3862 mobilis
458 3807 542 3861 iuster
560 3803 698 3875 serpentis
718 3804 822 3858 vocalis
834 3804 1004 3872 pronunciasti
1018 3820 1114 3858 exem·

332 3914 379 3984 ple
395 3913 477 3966 haber
494 3909 523 3964 in
540 3911 651 3975 gubulim
669 3890 797 3979 nihili,
816 3907 962 3974 ternplum,
980 3910 1114 3960 Mathone-

333 4011 427 4075 dollrr,
444 4015 474 4060 ul
492 4005 556 4060 alibi
573 4005 602 4058 in
619 4005 760 4072 lugenda,
785 4003 884 4070 Subur,
905 4005 1002 4068 Τιιὸιιν,
1019 3999 1113 4070 leuel,

332 4111 445 4161 Meleon
471 4105 521 4168 al.;
547 4119 562 4154 r
589 4099 695 4153 litterae
721 4097 824 4154 eiectae
845 4097 873 4152 in
893 4101 1047 4168 Lr'plocenet
1064 4115 1114 4169 pro

333 4205 487 4272 liploreonel
517 4200 538 4252 l.
569 4196 751 4265 liphareenet,
786 4202 817 4248 nl
846 4194 875 4248 in
904 4199 1034 4248 utzilrurur
1062 4210 1114 4265 pro

237 4315 244 4341 ι
287 4301 300 4318 “
320 4306 420 4376 unp
445 4303 543 4358 *tutn-
594 4303 669 4358 idem
693 4303 728 4354 de
755 4299 815 4368 ipre
842 4301 1039 4352 vocabulorum
1062 4315 1114 4352 nen

319 4417 479 4486 ‘eamusque
495 4400 583 4456 lorrna
597 4398 750 4454 dicentum.
778 4393 825 4448 nit
840 4397 1008 4464 appellentur
1022 4399 1114 4448 atenim

331 4486 474 4571 (nutrit)
495 4518 533 4556 re
552 4505 577 4554 t.
596 4501 634 4554 v.
654 4505 679 4554 1.
696 4502 723 4566 s,
747 4505 787 4565 ιι
799 4495 828 4550 tn
846 4513 874 4549 n.
899 4513 940 4566 pr.
960 4499 1113 4551 accaronem

333 4591 515 4668 why-1253
538 4609 621 4670 locus,
651 4605 709 4654 erbe
731 4609 773 4654 etl
798 4617 895 4652 merom
919 4599 954 4653 V.
977 4603 1009 4663 i,
1037 4607 1067 4651 ul
1084 4599 1112 4652 ln

333 4707 486 4762 nominibus
510 4705 627 4773 propriis
652 4709 797 4767 Meamne,
825 4699 905 4750 tttttt
928 4697 1013 4772 0le
1045 4703 1112 4756 deu,

332 4805 404 4860 coeli
419 4809 555 4858 Beleemen
573 4805 606 4868 2,
623 4801 658 4858 66
674 4809 705 4852 ut
722 4799 793 4866 apud
809 4797 951 4852 Philonem
968 4798 1110 4866 Byblium3

332 4900 475 4958 relativum
500 4899 580 4968 (nota
598 4895 701 4969 genit.)
718 4899 755 4962 ei,
773 4912 804 4948 re
823 4893 874 4962 (V.
892 4898 916 4946 l·
933 4890 985 4960 8),
1003 4903 1032 4946 nt
1045 4907 1111 4946 con-

331 5006 434 5053 stanter
449 4994 479 5048 ln
498 4993 678 5049 monumentis
695 4993 777 5063 (pag.
799 4989 880 5057 356)=
909 5009 955 5056 ego
974 4997 1015 5043 eat
1033 4991 1111 5042 murell

331 5101 427 5168 2³⁵,
457 5107 489 5152 ut
508 5091 570 5168 'llll
590 5098 618 5152 in
638 5093 722 5150 titulis
738 5094 918 5159 Citiensibus,
936 5095 987 5144 bed
1004 5089 1045 5141 r:
1068 5097 1113 5134 π

331 5201 396 5256 'lita
414 5217 509 5256 ιιιπιιι
526 5201 563 5255 V.
579 5203 611 5254 10
629 5199 664 5254 ol.
681 5197 834 5265 Bodoetor,
855 5193 1011 5253 'initum
1040 5194 1110 5247 salu

331 5299 406 5355 tendi
440 5299 558 5352 iorrnule
591 5301 650 5350 Ano
681 5297 756 5348 donni
781 5297 815 5361 2,
839 5295 873 5349 38
901 5289 1025 5364 congruit
1050 5305 1111 5344 cum

330 5390 453 5450 Aridum
471 5393 614 5466 Meleagri.

1234 3197 1278 3268 ⁸⁸)
1300 3201 1471 3256 Mithridates
1488 3200 1520 3266 1,
1536 3219 1563 3270 p.
1583 3198 1635 3256 348
1653 3201 1687 3253 de
1710 3215 1808 3254 ecanae
1825 3197 1961 3252 secundae

1182 3296 1290 3352 Ριιιιίοίι
1305 3299 1434 3368 loquens:
1457 3302 1566 3366 „einige
1585 3301 1696 3350 einzelrre
1711 3299 1758 3361 jiir
1774 3297 1882 3348 Punirclr
1900 3313 1962 3346 aue-

1182 3398 1305 3460 gegrdme
1322 3393 1467 3449 Bremenr‘
1487 3409 1546 3466 pag.
1562 3395 1627 3448 350:
1648 3392 1897 3461 „lelr⁴unterdrr‘iclte
1913 3393 1961 3443 dea

1184 3493 1337 3558 Geduslen,
1370 3493 1430 3544 dore
1455 3495 1480 3542 in
1504 3494 1582 3543 einem
1606 3491 1704 3543 rolelrerr
1722 3491 1897 3553 Dicdlwrrlre‚
1921 3503 1961 3539 ree

1183 3591 1261 3654 unes,
1282 3585 1389 3650 solglich
1407 3589 1471 3638 eracl·
1489 3589 1536 3638 due
1550 3589 1628 3640 Gener
1643 3588 1687 3638 det
1701 3589 1814 3652 Hunc,
1831 3585 1960 3648 maheng

1182 3685 1229 3749 irt,
1262 3683 1326 3735 ruehl
1350 3684 1416 3734 uncle
1441 3685 1483 3734 die
1507 3684 1620 3750 Sprnclre
1645 3683 1764 3734 erdr'cdtet
1787 3699 1844 3748 reyn
1862 3681 1962 3745 ldmte,

1181 3780 1286 3831 welclrer
1312 3781 1430 3832 Gednrrlee
1447 3779 1499 3829 ried
1515 3796 1543 3830 eo
1567 3779 1741 3829 natiirlielr
1761 3775 1812 3844 (2)
1829 3778 1960 3839 dereiner,

1182 3876 1234 3926 und
1251 3875 1365 3926 eadunt
1385 3875 1509 3940 Nelerurrg
1527 3875 1622 3940 erton,
1644 3875 1704 3924 dere
1721 3873 1766 3924 der
1783 3873 1868 3924 lllome
1884 3873 1961 3922 Are·-

1182 3972 1272 4022 demne
1294 3973 1319 4022 in
1344 3973 1388 4022 dee
1412 3975 1520 4022 Plutum
1537 3973 1636 4036 rigeret
1660 3971 1843 4032 netermzung
1861 3971 1886 4018 in
1903 3969 1960 4020 dem

1181 4068 1314 4135 punirclrerr
1334 4070 1414 4120 Texte
1430 4067 1496 4118 nicht
1515 4067 1668 4134 ungetreffen
1685 4063 1780 4118 wird.“
1800 4063 1878 4131 [Sed
1895 4062 1960 4116 vide

1182 4164 1264 4217 modo
1292 4163 1373 4216 Vera·
1398 4163 1415 4218 5
1442 4161 1699 4228 Antidamaechon1.
1753 4163 1816 4234 Peg.
1845 4157 1897 4214 358
1925 4160 1960 4213 de

1182 4259 1296 4330 Libycis
1322 4259 1461 4316 versibus:
1494 4262 1638 4327 „inderem
1664 4261 1728 4312 toird
1753 4261 1799 4311 der
1830 4258 1961 4312 Verdnrlrt

1182 4361 1250 4408 einer
1275 4357 1430 4422 Erdicdtung
1456 4359 1510 4410 lu'er
1532 4357 1597 4409 noch
1614 4357 1729 4407 rtdrlrer:
1755 4353 1861 4418 mornas
1872 4358 1960 4406 leron-

1181 4456 1239 4506 drrr
1257 4435 1298 4506 die
1312 4456 1411 4518 eielen,
1431 4451 1488 4517 fort
1503 4454 1600 4504 michee
1614 4453 1652 4503 iel
1669 4469 1762 4518 rogen,
1780 4455 1871 4502 sinales
1882 4467 1959 4516 unge·

1150 4555 1152 4562 '
1181 4552 1298 4602 lreclrterr
1323 4551 1496 4602 Luter'rrirclren
1524 4551 1626 4602 Wo'rtrr
1644 4545 1776 4612 jllrm.“
1818 4545 1860 4599 (ll.
1890 4561 1959 4615 qnae

1180 4647 1250 4699 bene
1269 4646 1408 4716 respondit
1425 4645 1628 4698 Bellermannnr
1643 4644 1670 4708 J,
1692 4661 1719 4712 p.
1737 4641 1860 4696 tt-ts.
1895 4643 1959 4694 llon

1180 4743 1268 4795 minue
1282 4743 1481 4796 inconsiderate
1497 4741 1610 4808 iactata,
1632 4741 1753 4791 ntmnlta
1767 4739 1798 4814 in
1816 4737 1886 4790 libro
1904 4737 1958 4792 isto

1179 4837 1308 4905 iuvenili,
1334 4848 1396 4892 enat
1416 4839 1483 4892 lraee
1502 4840 1598 4891 Wchlil
1622 4836 1739 4903 (Geech.
1759 4835 1807 4886 der
1824 4835 1958 4906 morgenl.

1180 4931 1318 5004 Spreclren
1336 4951 1363 5003 p.
1381 4931 1467 4998 452lr
1495 4971 1515 5000 ‚‚
1528 4917 1627 4984 Plant'e
1645 4936 1770 4984 Poenulm
1789 4951 1836 4982 nor
1854 4933 1957 4998 meleu,

1180 5036 1228 5085 wie
1254 5033 1327 5098 jeder
1345 5035 1446 5084 Kenner
1462 5030 1576 5096 gestelen
1595 5029 1659 5082 wire
1676 5026 1761 5095 (lt),
1794 5030 1850 5079 lreirr
1872 5029 1957 5080 delta

1182 5129 1311 5198 periander
1331 5125 1540 5183 veteresceret·
