4924 6304
335 625 631 696 MONUMENTA
645 623 792 694 semla.
809 626 999 699 nactur.
1022 627 1329 698 LXXll.LXXlll.
1345 629 1545 698 rtrxuus
1560 632 1837 702 TURlNENSlS.
1881 641 1956 716 233

464 815 615 901 Quinque
636 813 713 880 illae
734 813 860 884 litterae
882 817 995 882 eodem
1017 818 1191 901 scripturae
1214 817 1397 884 charactere
1412 833 1581 900 exaratae,
1612 845 1704 909 quem
1721 827 1804 910 apud
1821 824 1958 892 Semitas

335 935 369 998 in
397 931 545 1016 Aegypto
578 929 731 1014 degentes
752 931 903 994 usitatum
926 928 1025 993 luisse
1048 931 1203 1009 vidimus,
1244 929 1449 997 hauddubie
1479 957 1595 998 nonreo
1624 939 1789 1022 proprium
1819 936 1959 1004 hominis

335 1043 453 1131 sepulti
474 1057 506 1106 et
528 1041 653 1108 Oeirldi
674 1043 758 1108 dona
779 1045 912 1106 ferentis
932 1044 1104 1106 continent.
1148 1042 1318 1119 Quomodo
1342 1045 1505 1110 efferenda
1526 1051 1611 1127 sint,
1641 1064 1744 1112 utrum
1768 1059 1887 1135 carna,
1916 1074 1958 1116 an

334 1161 457 1255 affigat,
489 1160 593 1250 “²37ng
624 1175 663 1246 en
696 1151 760 1218 clio
782 1155 900 1233 modo,
938 1169 1042 1218 utrum
1066 1157 1272 1242 aegyptiacae
1293 1159 1427 1242 originis
1450 1161 1492 1222 sit
1513 1181 1628 1224 nomen
1652 1183 1693 1226 an
1717 1138 1897 1244 semitioae,
1927 1177 1960 1228 ct

335 1272 411 1358 quid
446 1267 623 1356 significet,
667 1288 724 1354 pro
759 1280 846 1332 certo
882 1288 945 1330 non
980 1266 1142 1334 definiam.
1207 1269 1242 1332 Si
1271 1271 1452 1334 semiticum
1482 1285 1547 1348 est,
1581 1275 1614 1336 in
1647 1289 1698 1341 tora
1727 1273 1828 1340 latere
1856 1280 1960 1362 possit

334 1404 448 1448 nonen
485 1382 547 1468 (cf.
577 1391 666 1474 nto)
690 1384 795 1474 aad),
834 1379 971 1444 fortasse
1001 1382 1096 1455 etiam
1126 1385 1247 1448 coelum
1279 1383 1401 1466 (otuu,
1429 1387 1533 1465 toul:
1570 1387 1627 1450 sed
1650 1388 1724 1472 quid
1746 1390 1788 1452 sit
1808 1408 1860 1467 on,
1890 1409 1956 1465 sm,

331 1500 458 1582 ignoro.
500 1494 551 1560 Ad
572 1493 750 1558 litterarum
772 1491 894 1578 figuras
916 1513 1014 1556 unum
1030 1493 1187 1574 observo,
1211 1494 1377 1560 oaudulam
1394 1497 1455 1560 Jod
1471 1495 1596 1562 litterae
1612 1515 1774 1564 extremae
1790 1505 1830 1566 ad
1846 1523 1955 1568 verum

333 1611 403 1674 eius
424 1607 550 1674 litterae
572 1606 787 1673 characterem
810 1627 872 1672 nou
896 1608 1054 1690 pertinere
1078 1620 1110 1670 et
1128 1605 1211 1690 stylo
1234 1602 1317 1672 ultra
1338 1607 1457 1674 lineam
1480 1612 1705 1696 progrediente
1726 1627 1829 1680 ortam
1852 1637 1934 1680 esse.
1958 1687 1962 1695 ,

1067 1797 1223 1864 ΙιΧΧΙΠ.

742 1932 1059 2002 PAPYRUS
1107 1934 1545 2002 TURINENSIS.

460 2098 489 2157 1.
532 2088 607 2155 Non
629 2075 840 2176 eine‘magno
864 2092 997 2174 strepitu
1020 2087 1081 2152 hoc
1103 2088 1318 2174 fragmentum
1344 2087 1416 2154 tola
1438 2093 1606 2176 papyraoei
1628 2090 1743 2158 litteris
1766 2094 1957 2164 Phoenicio·

332 2205 385 2270 vel
406 2219 492 2270 certe
514 2200 904 2288 Semitico-Aegyptiaois
926 2201 1047 2286 impleti
1069 2203 1151 2264 inter
1171 2200 1345 2287 Aegyptios
1368 2201 1475 2266 Musei
1498 2203 1689 2270 Turinensis
1712 2229 1849 2294 papyros
1872 2233 1956 2278 anno

255 2377 265 2406 ,
333 2325 415 2385 1823
438 2317 488 2382 vel
514 2323 596 2382 1824
617 2328 778 2401 repertum
802 2317 878 2378 viris
901 2315 1001 2378 doctis
1025 2317 1057 2377 in
1083 2316 1234 2378 uniuersa
1255 2314 1384 2398 Europa
1405 2335 1461 2399 per
1483 2315 1706 2402 ephemerides
1729 2325 1955 2389 annunciatum

332 2447 382 2497 ost
401 2429 452 2519 (v.
474 2429 618 2496 Journal
629 2429 809 2514 Aetolique
831 2423 869 2488 Τ.
885 2425 917 2489 V
939 2449 1010 2513 pag.
1028 2427 1101 2509 20),
1124 2430 1261 2512 primum
1280 2426 1319 2490 ab
1339 2425 1527 2492 Hauxxaao
1551 2430 1708 2516 (Miscell.
1724 2433 1841 2518 phoen.
1859 2436 1955 2504 tah.3

331 2565 384 2609 no.
398 2547 436 2630 3)
462 2566 505 2608 ex
527 2541 720 2630 apographo·
735 2537 951 2604 Bochettieno
972 2541 1110 2613 editum;
1141 2541 1214 2603 dein
1238 2559 1280 2604 ex
1303 2539 1487 2625 apographo
1510 2564 1530 2604 a
1552 2540 1642 2606 Gust.
1665 2544 1846 2626 Seyll'artho
1868 2549 1952 2613 lacto

331 2681 353 2722 e
378 2655 508 2722 Besaro
536 2660 569 2720 iu
595 2652 706 2719 libello
735 2655 863 2739 saepius
891 2665 1068 2717 memorato
1096 2649 1159 2715 tab.
1188 2658 1227 2716 ¹1:
1262 2653 1345 2737 quod
1377 2654 1505 2739 quidem
1535 2669 1703 2741 utrumque
1733 2661 1951 2746 apographum

331 2773 476 2836 dedimus
502 2767 566 2834 tab.
587 2773 629 2834 30
650 2767 709 2832 litt.
729 2789 757 2830 a.
780 2765 812 2830 b.
1118 2831 1126 2842 ,

456 2871 715 2970 h‘xplioetioncm
745 2882 817 2943 eius
851 2879 939 2944 dedit
968 2877 1174 2942 Hamalrerus
1202 2876 1225 2941 1.
1251 2899 1278 2942 c.
1308 2900 1338 2962 p.
1363 2883 1525 2959 67-77,
1563 2882 1675 2946 eodem
1699 2885 1777 2947 vitio
1800 2879 1953 2970 primari'o
1992 2877 1996 2886 ¹

330 2989 548 3077 laborantem,
588 3017 650 3082 quo
682 2993 826 3057 eiusdem
854 2995 889 3056 in
924 2989 1112 3056 Numidicas
1141 2993 1366 3076 inscriptiones
1397 2992 1539 3078 pericula
1566 2993 1766 3060 laborabant.
1819 2997 1953 3065 Solebat

331 3117 417 3178 enim
437 3109 493 3176 ille
513 3109 803 3205 sinenacouratiore
825 3107 1000 3190 scripturae
1019 3105 1226 3190 indagatione
1249 3106 1282 3166 in
1306 3125 1382 3168 vera
1403 3103 1581 3170 litterarum
1600 3121 1754 3192 potestate
1770 3109 1954 3178 definienda

329 3225 415 3306 felli,
450 3239 482 3288 et
511 3223 571 3288 hoc
599 3195 695 3286 modo
723 3231 870 3305 portenta
897 3215 1085 3302 exsculpere
1114 3217 1298 3282 doctissimo
1323 3220 1436 3303 cuique
1458 3221 1611 3286 inaudita.
1655 3220 1703 3286 lta
1724 3224 1808 3288 idem
1831 3226 1865 3290 in
1889 3225 1952 3292 hoc

312 3341 528 3428 ·fragmeuto,
559 3335 643 3422 quod
666 3355 741 3396 vere
764 3331 969 3418 phoenicium
992 3351 1063 3393 esse
1085 3329 1218 3415 putabat
1241 3343 1273 3392 et
1295 3332 1339 3393 ita
1355 3329 1501 3417 legebat:

824 3489 843 3532 ⁵
868 3479 943 3562 aar
967 3479 1053 3562 trac
1075 3469 1235 3560 statua
1265 3481 1362 3561 &aaa
1391 3468 1434 3554 br.

864 3600 898 3670 r
928 3593 997 3677 *aar
1019 3595 1115 3676 rata
1138 3586 1256 3672 aare
1280 3593 1347 3670 vro
1370 3595 1434 3672 aa

562 3719 676 3798 Deae,
705 3723 763 3806 poi
779 3697 928 3802 placarit
950 3719 1129 3780 sanctitate
1151 3733 1316 3777 cervorum
1338 3722 1465 3776 tuorum
1487 3723 1521 3778 et
1542 3721 1615 3779 or'ta
1639 3759 1724 3780 .....

563 3833 763 3900 circumiens
783 3831 835 3895 rol
852 3838 886 3894 et
903 3837 1024 3914 potens
1044 3833 1176 3913 gratum
1199 3830 1245 3888 rt't
1266 3824 1494 3912 (obsequium)
1519 3871 1637 3894 .......

460 3964 511 4030 Ad
541 3963 641 4041 haec,
679 3983 760 4048 quae
780 3957 959 4045 intelligat,
992 3939 1046 4044 qui
1066 3959 1187 4042 possit,
1223 3957 1253 4018 is
1281 3952 1382 4019 multa
1409 3955 1448 4018 de
1479 3951 1885 4042 Cabirisscommentatur,
1921 3981 1953 4031 et

328 4082 502 4168 fragmenti
529 4093 690 4142 auctorem
709 4070 912 4138 idololatram
934 4070 1034 4134 fuisse
1056 4067 1203 4133 affirmet.

459 4217 489 4274 2.
534 4205 651 4285 Nobis,
673 4226 714 4269 ne
736 4207 770 4266 in
794 4199 917 4266 similes
940 4221 1067 4264 errores
1088 4200 1284 4278 incidamus,
1307 4213 1381 4263 ante
1404 4199 1512 4263 omnia
1534 4199 1574 4262 de
1595 4179 1771 4267 litterarum
1795 4219 1951 4290 potestate

328 4339 416 4392 recte
453 4321 635 4388 definiendo
673 4316 905 4403 anquirendum
940 4316 1024 4378 erit:
1069 4314 1130 4376 coi.
1160 4335 1265 4398 pauca
1297 4314 1336 4376 de
1374 4313 1539 4397 utriusque
1575 4317 1753 4401 apographi
1791 4320 1951 4386 discordia
2073 4335 2076 4352 ¹

329 4437 561 4526 praemittenda
595 4445 680 4498 sunt.
736 4428 830 4510 Quae
866 4428 993 4513 quidem
1024 4427 1202 4504 discordia,
1239 4424 1314 4490 licet
1350 4427 1383 4488 in
1418 4428 1601 4489 universum
1641 4449 1703 4492 non
1728 4433 1787 4506 „ita
1823 4453 1950 4518 magno,

323 4553 519 4638 primaerio
548 4569 588 4611 eo
617 4546 776 4620 cernitur,
814 4541 900 4627 quod
928 4538 1101 4622 Seyfferthi
1131 4537 1312 4624 exemplum
1340 4552 1466 4623 praeter
1495 4539 1575 4601 duos
1613 4559 1724 4604 versus
1758 4541 1950 4628 principales

228 4706 231 4719 ι
328 4667 416 4729 tertii
435 4665 534 4728 etiam
558 4681 670 4724 versus
693 4657 829 4742 vestigia
851 4653 1009 4728 continet,
1045 4665 1077 4714 et
1100 4649 1174 4714 huic
1197 4651 1377 4736 fragmento
1399 4653 1553 4716 maiorem
1576 4652 1687 4717 tribuit
1708 4673 1815 4718 aream
1846 4657 1950 4739 (uude

329 4775 482 4863 colliges,
524 4785 580 4838 out
614 4783 720 4841 unum]
748 4767 924 4834 alterumve
963 4777 1017 4828 aut
1048 4777 1216 4848 utrumque
1246 4785 1309 4828 non
1342 4761 1435 4848 plane
1466 4777 1644 4828 accuratam
1678 4767 1748 4830 eius
1777 4768 1950 4852 imaginem

328 4889 489 4972 referre);
529 4887 607 4952 daia
641 4885 724 4970 apud
760 4876 978 4963 Seyfferthum
1011 4873 1137 4940 litterae
1172 4873 1358 4961 plerumque
1385 4875 1592 4961 graciliores,
1632 4879 1716 4962 apud
1749 4877 1950 4946 Rochettiom

329 5005 504 5068 crassiores
542 5013 575 5064 et
604 4999 751 5063 rudiores
780 5005 873 5070 suut;
909 4989 1067 5074 deniquo,
1105 4991 1188 5073 quod
1217 4989 1442 5072 gravissimum
1480 5003 1543 5069 est,
1583 4988 1755 5054 nonnullae
1784 4995 1950 5080 utriusque

327 5113 468 5202 exempli
500 5113 625 5178 litterae
658 5113 742 5176 inter
771 5127 807 5172 se
837 5103 998 5170 differunt.
1050 5099 1099 5166 lta
1134 5102 1166 5183 a)
1194 5101 1302 5166 Rerclr
1333 5104 1368 5166 in
1397 5121 1475 5166 voce
1497 5118 1579 5170 *aaa
1604 5099 1661 5166 liu.
1686 5109 1722 5180 l,
1754 5104 1838 5191 quod
1869 5106 1949 5172 nihil

327 5227 442 5294 dubito
465 5249 485 5292 a
507 5223 689 5310 Seyffertho
710 5225 796 5288 iusto
825 5217 954 5305 longius
972 5218 1093 5302 'pictum
1122 5235 1212 5294 esse,
1242 5227 1277 5279 ot
1298 5213 1374 5280 Non
1397 5216 1560 5290 videaturt
1600 5213 1635 5301 b)
1660 5215 1770 5282 Recole
1790 5222 1950 5303 posterius

326 5346 363 5410 ᾖ,
384 5357 497 5413 W„
519 5339 575 5406 pn,
594 5346 615 5404 2
637 5337 748 5410 iridem
772 5356 793 5399 a
815 5330 997 5416 Seyffertho
1019 5332 1065 5394 ita
1087 5331 1224 5416 pictum,
1255 5341 1290 5394 ut
1317 5325 1390 5394 Nun
1413 5326 1517 5394 rideri
1545 5331 1661 5415 possit:
1691 5331 1726 5416 c),
1744 5328 1812 5400 dod
1830 5335 1864 5400 io
1886 5350 1949 5403 arn

1496 5453 1537 5524 ³0
