4902 6306
505 657 553 730 12
912 651 1046 718 LIBER
1068 647 1241 717 PRIMUS.
1286 645 1433 717 CAPUT
1455 649 1713 720 SECUNDUM.

631 839 684 904 Ex
705 834 847 905 Ssbs'ls'uc
867 837 1054 924 regionibus
1076 840 1256 918 maritimis,
1277 842 1311 905 in
1333 836 1449 926 quihus
1466 839 1566 904 Poeni
1580 839 1786 920 Pauor-raum,
1810 835 1954 922 Motyen,
1976 835 2129 904 Soleenm

505 953 647 1040 aliasque
670 950 767 1016 urbas
788 953 999 1016 condiderunt
1020 949 1278 1036 opulentissimas
1299 951 1459 1038 (lhueyd.
1482 957 1514 1032 6,
1538 953 1589 1036 2),
1610 967 1677 1018 tum
1699 953 1924 1038 inscriptiones
1946 965 2128 1036 supersunt,

505 1070 563 1133 sed
585 1063 668 1131 male
691 1063 820 1128 habitae
841 1066 893 1147 (v,
908 1061 966 1129 lib.
988 1063 1039 1142 ll,
1061 1085 1089 1128 c.
1111 1065 1163 1148 4),
1192 1079 1227 1129 ut
1247 1065 1403 1150 Erycina,
1433 1080 1499 1130 tum
1522 1079 1651 1129 moneta
1672 1035 1774 1152 erlqne
1797 1065 1990 1130 nitidissima
2009 1065 2130 1150 insigni

506 1183 585 1244 artis
613 1175 774 1263 elegantia
793 1175 878 1242 iacta
908 1177 985 1263 (lib.
1010 1177 1076 1258 lll,
1108 1199 1134 1242 e.
1157 1177 1197 1262 3)
1224 1177 1351 1242 urbium
1379 1178 1549 1254 Panormi,
1579 1175 1727 1261 Mutyce,
1757 1175 1953 1255 Heracleae,
1984 1177 2128 1261 adeoque

506 1293 753 1376 Syracuaarnmt
784 1291 818 1352 in
840 1291 1001 1376 prioribus
1023 1290 1089 1356 illis
1111 1288 1245 1355 urbibus
1268 1313 1288 1356 a
1312 1287 1622 1378 Carthaginensibus
1645 1311 1751 1355 rernm
1773 1290 1930 1366 dominis,
1961 1287 2130 1372 Syracusis

506 1417 630 1480 numm,
654 1401 852 1480 utsidetnr,
874 1405 907 1467 in
930 1426 1023 1469 ueuur
1045 1405 1231 1468 commercii
1251 1424 1324 1468 cum
1347 1402 1462 1466 Poenis
1481 1405 1618 1488 signata.

633 1521 666 1580 6.
708 1513 822 1600 Longe
840 1514 1040 1602 amplissima
1056 1513 1708 1602 linguaeetacriptnrnePhoenicieeaeu‚
1724 1513 1827 1579 uthis
1844 1516 1877 1578 in
1895 1511 1975 1578 locis
1992 1510 2129 1578 Romani

505 1625 727 1714 appellabant,
758 1626 897 1692 Punicae
925 1629 1019 1694 sedes
1041 1645 1074 1693 ct
1096 1625 1293 1693 domicilium
1312 1641 1383 1692 erat
1402 1627 1545 1707 Africo,
1575 1648 1677 1714 neque
1698 1624 1768 1692 sola
1789 1625 1900 1690 Africa
1922 1627 2052 1713 propria
2072 1645 2130 1690 seu

506 1739 810 1826 Carthaginensium
833 1760 932 1826 eger,
954 1741 1010 1806 sed
1034 1743 1187 1806 universa
1207 1739 1338 1806 Africae
1360 1762 1418 1804 nra
1440 1738 1604 1826 a'l'ripoli
1618 1739 1759 1824 ethpti
1779 1761 1881 1824 neque
1902 1739 1943 1804 ed
1965 1736 2129 1802 columnas

505 1851 685 1920 Herculeas
713 1865 746 1914 et
775 1848 896 1937 Tingin
918 1868 1049 1938 patens,
1079 1875 1173 1940 quam
1196 1851 1332 1918 coloniis
1354 1852 1550 1918 Phoenicum
1573 1852 1805 1940 frequentatam
1827 1864 1860 1914 et
1880 1851 1971 1938 quasi
1992 1849 2129 1916 obsitam

504 1965 661 2046 ἰὼν),
690 1965 789 2028 certis
818 1965 1014 2050 temporibus
1042 1969 1139 2030 etiam
1170 1963 1480 2054 Carthaginensibus
1509 1967 1652 2052 paruisse
1674 1963 1861 2050 constat*‘).
1905 1959 1979 2039 Qua
2001 1961 2129 2047 quidem

505 2081 539 2142 in
570 2077 752 2140 vmtissime
780 2079 913 2162 regione
944 2078 1008 2144 duo
1037 2077 1168 2166 linguae
1189 2093 1222 2143 et
1241 2081 1417 2164 scripturae
1438 2099 1559 2166 maere
1580 2077 1734 2164 vigebant
1742 2081 1815 2162 m),
1838 2096 1939 2141 nuum
1959 2077 2129 2152 Persicas,

505 2187 640 2254 alterum
671 2187 847 2272 biduanas,
882 2211 1016 2276 quorum
1052 2193 1180 2276 insigne
1212 2193 1375 2275 specimen
1411 2189 1555 2278 bilingue
1590 2187 1711 2276 duplici
1739 2187 1923 2254 charactere
1953 2187 2130 2252 domestico

366 2361 373 2372 ,
505 2313 672 2366 exaratum
701 2299 858 2366 hahemus
888 2305 921 2380 in
947 2305 1155 2388 inscriptione
1182 2301 1349 2389 Tuggensi
1378 2304 1391 2388 (
1399 2301 1455 2368 lib.
1486 2301 1535 2381 ll,
1565 2325 1618 2368 uo.
1648 2303 1730 2388 16),
1759 2301 1848 2366 aliud
1876 2299 1985 2366 latinis
2014 2297 2130 2364 litter'n

505 2415 657 2499 scriptum
672 2415 714 2494 ,in
737 2409 939 2478 nobilissima
958 2435 1056 2480 scena
1070 2414 1217 2480 Plautina
1238 2413 1383 2500 (Poenul.
1401 2420 1442 2492 V,
1466 2417 1497 2500 1)
1520 2419 1611 2482 cuins
1632 2415 1744 2480 decem
1765 2417 1888 2501 priores
1910 2433 2024 2478 versus
2044 2423 2129 2477 recto

506 2524 700 2592 obstruente
728 2523 889 2592 llocharto
917 2531 1044 2612 punici,
1071 2526 1187 2616 reliqui
1218 2525 1319 2612 libyci
1348 2543 1423 2593 sunt
1453 2530 1503 2614 (v.
1533 2525 1589 2592 lib.
1617 2527 1678 2607 lV,
1708 2551 1776 2615 cap.
1804 2531 1859 2610 4).
1910 2523 1959 2590 Ao
1987 2522 2130 2607 Libycas

506 2639 633 2726 qnidam
661 2636 792 2724 linguae
818 2643 900 2704 ratio
927 2641 963 2706 in
991 2643 1177 2706 nniversam
1206 2640 1299 2706 valde
1327 2641 1466 2706 obscure
1488 2655 1537 2707 est
1565 2641 1658 2726 (vide
1680 2641 1721 2707 ad
1744 2643 1841 2706 iuscr.
1863 2639 1938 2722 to):
1969 2658 2031 2702 nec
2051 2637 2129 2700 sat'n

505 2749 681 2836 probabilia
710 2771 821 2818 eorum
848 2753 958 2840 opinio
987 2756 1041 2840 qui
1070 2756 1103 2818 in
1134 2753 1290 2820 hodierna
1317 2752 1532 2820 Barbarorum
1545 2753 1674 2842 ,lingua
1702 2755 1840 2840 vestigia
1866 2754 1937 2816 eins
1960 2765 2130 2834 superesse

507 2862 669 2947 volunt†).
714 2863 870 2930 Punicam
889 2877 998 2930 autem
1019 2887 1061 2930 ex
1083 2866 1164 2932 Asia
1184 2867 1349 2932 advectam
1370 2869 1405 2932 in
1426 2869 1578 2934 universa
1599 2867 1728 2932 Africae
1743 2887 1801 2931 ora
1814 2866 1950 2930 eandem
1963 2861 2081 2926 Poenis
2096 2872 2130 2922 et

505 2973 655 3040 Numidis
671 2997 872 3042 communem
887 2977 998 3056 luisse,
1013 2999 1116 3067 aeque
1130 2979 1226 3064 (qnod
1241 2977 1405 3044 nonnullis
1419 3001 1454 3044 re
1470 2981 1611 3044 nondum
1625 2982 1815 3066 investigata
1828 2971 1997 3064 probabile
2012 2971 2131 3052 visum)

507 3086 687 3158 Poenorum
703 3085 851 3176 ‚linguam
868 3109 887 3152 a
901 3086 1072 3156 Numidica
1087 3093 1298 3178 discrepasse,
1312 3105 1344 3156 et
1357 3107 1499 3158 veterum
1515 3094 1696 3159 testimonie
1711 3091 1901 3174 doeent††),
1917 3101 1950 3152 et
1963 3085 2128 3152 nominum

505 3201 707 3284 propriorum
727 3201 955 3286 original-H),
978 3217 1149 3288 nosuaqne
1170 3221 1448 3270 monumentorum
1471 3205 1706 3270 numidicnrunr
1718 3202 1933 3270 illustratione
1952 3196 2067 3288 (elib.
2082 3193 2129 3272 Ili

506 3331 558 3374 no.
583 3313 733 3375 56-61.
755 3308 812 3376 lib.
834 3309 902 3392 ΠΙ,
929 3334 982 3376 no.
1004 3317 1157 3401 20-26)
1188 3316 1314 3380 abunde
1336 3313 1552 3381 confirmatur.

635 3418 728 3497 Quae
750 3424 791 3488 ed
813 3422 898 3490 hunc
922 3446 1021 3510 usqne
1044 3425 1127 3492 diem
1151 3431 1358 3494 innotuerunt
1386 3441 1593 3494 monumenta
1614 3431 1684 3493 eins
1706 3428 1847 3514 regionis
1866 3423 2007 3490 litterata
2026 3437 2127 3503 eaque
2233 3491 2241 3506 ,

506 3533 621 3600 litteris
653 3535 838 3600 domesticis
865 3537 1037 3622 iuscripta,
1065 3554 1131 3604 tum
1161 3545 1194 3606 in
1223 3543 1293 3628 ipso
1323 3545 1473 3629 autiquae
1502 3539 1707 3628 Carthaginis
1736 3535 1807 3602 selo
1837 3537 1958 3600 effossa
1976 3543 2053 3599 sunt
2079 3531 2125 3614 (v.

506 3650 661 3732 inscriptt.
681 3653 852 3732 toute),
875 3663 944 3716 tum
962 3652 1003 3717 ed
1025 3649 1184 3741 Tuggam,
1206 3653 1361 3736 Vuocem,
1383 3653 1546 3742 Tripolin,
1569 3665 1602 3716 et
1623 3655 1656 3716 in
1672 3648 1778 3714 insula
1794 3645 1902 3713 Garbe
1923 3671 1949 3714 s.
1973 3644 2128 3729 Meninge

559 3815 587 3882 l)
611 3819 654 3871 De
672 3819 840 3872 Phoenicum
864 3819 893 3873 in
916 3819 1011 3876 Atrion
1033 3823 1148 3878 coloniis
1173 3843 1201 3880 v.
1220 3843 1285 3895 prae
1404 3821 1451 3889 ”l
1467 3823 1566 3890 Polyb.
1585 3823 1618 3888 8,
1632 3821 1666 3875 39
1683 3821 1718 3874 de
1736 3818 1801 3874 belll
1817 3819 1928 3874 secundi
1945 3815 2039 3871 Punici
2056 3821 2126 3867 teur-

507 3913 621 3968 caeterls
642 3914 749 3970 Sallust.
775 3917 836 3988 lug.
863 3919 897 3972 te
913 3937 973 3989 sqq.
997 3929 1024 3974 et
1050 3939 1119 3988 quae
1148 3923 1285 3992 congessit
1352 3935 1435 3988 pore:
1467 3911 1652 3985 Kupgpddrsss
1677 3913 1730 3985 γὰρ
1756 3912 1787 3970 dr
1811 3914 1918 3970 «οὕτως
1940 3917 1997 3970 rsit
2022 3910 2127 3982 surpuit

507 4008 680 4064 Boosaarue
700 4011 728 4064 in
745 4011 853 4068 &nasu
872 4015 894 4080 l,
915 4032 973 4083 cap.
991 4015 1034 4068 2⁴.
1068 4017 1229 4088 Singillatim
1250 4018 1284 4070 de
1351 4012 1401 4081 τῆς
1422 4011 1476 4080 seda
1497 4005 1609 4080 Aspice
1631 4007 1769 4080 inopium
1790 4007 1907 4066 urinas
1929 4007 1987 4066 «ὄν
2006 4007 2051 4064 iss
2074 4004 2126 4074 τήν

507 4106 586 4174 Lepti
609 4123 638 4159 v·
659 4107 767 4162 sauma
788 4109 849 4180 Jag.
873 4125 898 4163 s.
923 4113 972 4164 782
1001 4115 1028 4162 id
1045 4115 1166 4180 oppidem
1187 4115 1220 4164 oh
1241 4115 1282 4164 Si·
1351 4108 1404 4163 sss
1421 4103 1570 4163 eiham
1585 4105 1725 4162 erotem
1740 4105 1849 4177 μιρόν,
1870 4101 1929 4162 s'us'
1951 4103 2008 4162 sais
2026 4099 2125 4158 &edal-

507 4203 588 4254 deaiis
616 4203 740 4254 condimus
763 4215 817 4268 est,
847 4223 911 4273 gans
936 4209 1078 4274 summust
1097 4205 1228 4274 profugos
1253 4212 1283 4262 ed
1351 4223 1400 4258 ses
1416 4201 1530 4276 seper,
1548 4202 1578 4258 o's'
1595 4205 1699 4258 estne·
1716 4200 1788 4260 κυσὶ
1805 4199 1995 4276 seispsysldps
2011 4195 2126 4270 Jslpsss,
2259 4231 2268 4250 ι

508 4299 648 4348 discordias
668 4301 751 4352 ciuilss
772 4301 877 4351 ewen·
904 4303 929 4350 irs
954 4319 997 4352 ens
1017 4307 1084 4356 locos
1104 4308 1207 4358 uerius.
1224 4342 1231 4354 .
1248 4343 1279 4354 ..
1350 4298 1400 4356 dost
1418 4291 1461 4368 ἐφ’
1478 4295 1650 4368 'liparitinus
1667 4299 1778 4372 stillat.

509 4396 570 4446 Eius
588 4395 697 4444 ciuitatis
721 4397 807 4459 uene
824 4398 897 4448 rende
916 4414 1036 4450 cesoma
1053 4403 1172 4454 coenubio
1191 4403 1281 4454 Narni-
1401 4403 1460 4474 m)
1479 4408 1556 4462 Unde
1573 4417 1629 4478 eat,
1650 4411 1723 4480 quod
1741 4407 1827 4464 Poeni
1844 4411 1964 4474 bilingues
1980 4413 2124 4474 tumtur,

507 4491 597 4542 &ram
622 4489 651 4552 (ἰ.
670 4506 694 4542 e.
723 4489 864 4560 Libyumlt
897 4499 977 4558 legum
1006 4501 1135 4565 cultusque
1160 4504 1282 4567 pleraque
1349 4505 1502 4571 Migdilybes
1523 4509 1766 4573 attenterimus.
1802 4506 1881 4578 Virg-
1906 4505 1976 4562 Aeta.
2004 4510 2035 4568 t,
2061 4502 2123 4558 065.

509 4587 631 4640 Sidonio:
664 4586 697 4640 de
722 4585 852 4640 Sabratha
877 4588 924 4643 Sil.
948 4591 1007 4644 Ital.
1032 4593 1064 4658 3,
1089 4594 1140 4647 256
1170 4593 1207 4662 (r.
1231 4609 1282 4648 nos
1351 4597 1450 4666 8112,
1470 4605 1512 4654 te.
1547 4603 1633 4656 Plant.
1650 4605 1734 4660 Poen.
1753 4601 1784 4669 ⁵,
1802 4605 1836 4669 2,
1851 4603 1896 4656 7³.

506 4682 553 4734 lib.
573 4682 624 4739 lll.
642 4696 686 4736 uo.
707 4681 762 4751 at),
782 4685 816 4738 ds
834 4683 920 4753 Capsa
937 4687 970 4738 ab
983 4689 1100 4743 Hercule
1119 4689 1205 4760 Libye
1223 4689 1241 4744 i.
1256 4707 1281 4751 a.
1400 4695 1431 4763 τ)
1450 4697 1596 4752 Hamekeri
1613 4698 1730 4752 reticete
1751 4716 1778 4768 p.
1796 4701 1858 4752 217.

508 4799 523 4834 a
547 4782 729 4836 Phoenicibus
755 4781 863 4835 condita
892 4783 1000 4836 Sallust
1024 4786 1084 4859 Jug.
1111 4790 1146 4854 1,
1169 4789 1218 4853 89,
1248 4789 1281 4842 de
1401 4789 1446 4861 ff)
1466 4769 1658 4862 Hiempsalem,
1680 4793 1820 4849 Numidiae
1837 4809 1937 4864 regem,
1956 4795 2048 4859 posius
2065 4805 2124 4845 sess

506 4879 584 4932 Utica
604 4877 651 4932 fill·
671 4878 859 4942 lrst.3,241:
1349 4905 1431 4946 moue
1454 4891 1489 4944 de
1514 4890 1663 4962 originibus
1681 4889 1791 4946 Atrioae
1808 4889 1947 4959 scripsisse
1966 4887 2045 4944 tradit
2065 4888 2124 4944 est-

542 4978 661 5028 Proximo
679 4979 788 5028 Sidoniis
810 4979 884 5030 vates
900 4987 937 5029 ess
955 4977 1036 5044 ffers
1054 4983 1178 5047 meipsa,
1351 4989 1413 5040 lust.
1438 4987 1499 5060 Jng.
1521 4987 1572 5054 18,
1597 4995 1624 5039 et
1653 4985 1753 5040 Statius
1771 4992 1852 5056 poeta
1870 4986 1941 5054 (silv.
1960 4984 2013 5053 lv,
2031 4985 2058 5054 t,
2076 4985 2123 5056 15)

541 5076 630 5124 Prisce
648 5076 713 5138 situ,
732 5077 872 5143 eumpse
890 5085 949 5126 unte
966 5093 1038 5128 arces
1055 5079 1155 5129 conditu
1172 5081 1280 5145 Byrsae.
1352 5083 1472 5150 miratur,
1486 5081 1643 5150 Septimium
1657 5085 1788 5138 &verum
1800 5081 1877 5151 Lepti
1888 5081 2016 5156 genitum,
2029 5083 2123 5138 Punici

505 5167 711 5236 lustin.18,b.
739 5169 830 5238 Steph.
850 5169 918 5238 Bys.
938 5187 966 5224 v.
985 5164 1091 5239 Prisc·
1110 5175 1144 5228 de
1156 5174 1283 5244 Hippone
1351 5177 1482 5233 sermonis
1505 5187 1534 5232 et
1557 5179 1664 5234 habitus
1688 5179 1727 5233 nll
1750 5177 2020 5249 quiequam'babere.
2054 5179 2124 5236 vids

508 5253 587 5336 (ru)
605 5278 632 5323 er
651 5265 816 5324 marmeno
834 5256 1003 5338 (urenae)
1022 5277 1129 5330 sarrae.
1157 5279 1218 5350 ng.
1239 5281 1282 5342 19.
1350 5277 1426 5344 ptura
1446 5273 1473 5342 ς.
1491 5275 1535 5330 es.

505 5369 540 5422 da
553 5367 629 5421 duaa
644 5367 700 5420 Jos.
716 5385 739 5422 c.
754 5367 852 5436 Apion.
867 5374 892 5438 1,
910 5372 952 5439 18,
966 5372 1279 5446 deTingiPlut.Sert.9.
1401 5371 1475 5438 ffi)
1493 5389 1522 5427 v.
1540 5372 1586 5428 lib·
1605 5375 1656 5443 tv,
1674 5391 1734 5446 esp.
1751 5375 1777 5431 d.
1794 5375 1821 5429 6.
1936 5441 1942 5458 1
