4924 6304
485 651 561 728 228
602 644 736 715 LIBER
755 643 1005 718 SECUNDUS.
1026 641 1364 711 INSCBIPTIONES
1381 641 1666 712 uuountctnu.
1690 641 1837 710 CAPUT
1852 639 2088 711 OCTAVUM.

489 844 524 904 in
545 839 732 904 mentoriem
753 835 848 899 totos
868 835 963 919 primi
985 855 1096 898 eornm
1112 831 1176 898 cibi
1191 832 1340 898 menibus
1354 847 1464 898 tenere
1477 831 1636 897 solebant.
1678 831 1729 896 lte
1743 847 1829 897 certe
1842 836 1876 897 in
1892 831 2111 916 Barthelemyi

490 949 657 1037 exemplo,
695 971 791 1035 quum
822 950 855 1010 in
890 947 1055 1046 Leuciano
1088 945 1178 1010 colae
1214 967 1327 1010 manne
1358 947 1400 1010 ad
1424 947 1620 1032 precandum
1640 944 1785 1010 sublatae
1808 959 2023 1032 compareant.
2074 945 2111 1008 ln

490 1065 643 1130 inferiore
678 1059 787 1125 tabule
820 1053 1014 1145 conepicit'nr
1049 1081 1145 1144 enper
1184 1081 1297 1124 mense
1330 1059 1466 1124 sormam
1504 1058 1610 1124 leonir
1638 1058 1777 1124 habente
1808 1081 1925 1145 corpne
1953 1073 2111 1123 mortnntn
2226 1131 2236 1150 ,

489 1178 598 1242 fasciis
612 1179 676 1239 iem
691 1170 870 1237 involutum
886 1193 906 1235 a
920 1171 1045 1237 dnobus
1058 1175 1153 1254 virio,
1177 1175 1244 1258 qni,
1266 1192 1324 1259 pro
1340 1193 1448 1251 more,
1472 1171 1646 1236 bestiarum
1668 1171 1768 1257 (alter
1790 1175 1879 1236 cenie
1900 1175 2009 1250 aurei,
2033 1169 2112 1234 elter
2224 1201 2230 1214 ·

490 1289 671 1374 accipitris)
705 1305 858 1372 personae
888 1298 1020 1370 gerunt:
1046 1284 1122 1348 ‘rub
1152 1305 1263 1348 mensa
1295 1299 1443 1370 quattuor
1476 1305 1553 1350 veta
1580 1285 1621 1349 ed
1651 1282 1879 1370 pollinctnram
1908 1287 2111 1371 pertinentia,

491 1423 572 1488 quae
602 1413 750 1488 quattuor
779 1399 964 1483 accipitrum
995 1402 1101 1484 capita
1122 1397 1280 1462 referunt:
1311 1397 1352 1461 ab
1375 1411 1507 1486 utroque
1528 1397 1628 1462 latere
1650 1400 1715 1462 dun
1736 1399 1827 1483 pueri
1849 1397 1945 1462 dexia
1966 1397 2113 1484 genubus

489 1517 599 1580 nescio
622 1513 696 1599 qnid
717 1524 896 1598 portantes,
929 1511 968 1574 de
989 1516 1124 1597 qnorum
1145 1507 1381 1597 significatione
1403 1531 1505 1598 neque
1527 1501 1756 1596 Bertlrelernpo
1777 1525 1811 1576 et
1831 1511 1973 1589 Lencio,
2008 1531 2111 1596 aeque

489 1627 571 1694 mihi
592 1639 729 1692 constat.

620 1743 651 1802 3.
674 1739 855 1823 Antequam
871 1736 911 1801 ad
924 1739 1026 1821 ipeioe
1040 1735 1124 1800 tituli
1139 1739 1434 1824 interpretationem
1451 1735 1651 1816 accedimns,
1675 1757 1776 1822 panca
1793 1737 2026 1822 praemittenda
2039 1751 2114 1802 runt

490 1853 531 1916 de
554 1847 816 1932 Berthelemyeni
838 1863 870 1912 et
891 1847 1050 1913 Lanoiani
1071 1849 1211 1936 exenrpli
1231 1849 1410 1928 discordie,
1433 1849 1473 1913 de
1496 1871 1559 1935 qne
1581 1863 1616 1913 ut
1638 1851 1755 1914 certine
1776 1849 2111 1936 iudicarepoeaemne,

490 1963 755 2048 Hohlenbergine
776 1959 818 2026 V·
839 1960 882 2026 V.
904 1963 1007 2046 ectypi
1028 1964 1141 2047 gyprei
1162 1963 1296 2028 Parisiis
1318 1963 1475 2026 etnervati
1490 1959 1609 2046 duplex
1623 1959 1840 2048 apographum
1855 1965 1955 2041 misit,
1978 1959 2112 2026 alterurn

490 2076 532 2142 ab
555 2074 604 2139 ill.
625 2073 841 2140 Brindetndio
863 2095 962 2158 nuper
982 2070 1088 2159 lepide
1110 2074 1248 2154 lectum,
1273 2073 1407 2138 alterum
1422 2096 1441 2138 a
1456 2095 1491 2138 ee
1505 2071 1709 2139 delineatum.
1752 2072 1813 2139 llle
1831 2089 1935 2148 autern
1951 2076 2113 2140 discordie

491 2187 612 2274 duplex
634 2201 694 2252 eet.
743 2185 819 2252 Une
846 2208 911 2252 non
942 2188 1051 2272 magni
1078 2207 1117 2250 ea
1138 2189 1292 2251 momenti
1315 2189 1452 2272 pertinet
1473 2188 1513 2250 ed
1536 2185 1762 2252 nonnullarum
1783 2185 1961 2252 litterarum
1984 2189 2112 2274 reepine

490 2304 718 2388 repetitarum,
749 2313 784 2362 ut
806 2297 932 2384 aleph,
963 2297 1118 2377 samech,
1147 2300 1226 2379 lod,
1248 2297 1390 2386 figurae,
1413 2319 1492 2384 qnae
1510 2295 1605 2385 paulo
1626 2297 1718 2364 aliter
1734 2313 1766 2364 et
1782 2299 1968 2387 plerumque
1985 2300 2111 2386 qnidam

491 2411 645 2502 gracilior
666 2434 704 2476 ac
724 2413 906 2478 dictinctine
929 2413 1030 2497 pingit
1050 2412 1210 2492 Lentino,
1239 2410 1340 2476 altere
1362 2412 1402 2475 ad
1425 2410 1570 2498 ringulae
1593 2414 1746 2498 quaedam
1778 2411 1862 2478 tituli
1884 2411 2018 2478 litterae.
2062 2411 2111 2476 Ac

489 2525 590 2592 line
617 2524 680 2590 litt.
706 2533 742 2605 1,
780 2523 838 2590 nbi
867 2521 1112 2609 Bartheletnyne
1141 2525 1230 2590 Meet
1260 2523 1357 2588 hebet
1382 2526 1562 2611 integrum,
1601 2547 1686 2590 nunc
1708 2525 1791 2612 apnd
1814 2527 1969 2591 Laneium
2004 2527 2058 2610 (et
2077 2527 2111 2588 in

331 2682 344 2712 Ι
490 2653 605 2725 ectypo
627 2638 748 2722 Paria.)
781 2639 911 2702 nonnisi
932 2659 1046 2724 rcepnn
1067 2651 1227 2724 superest:
1257 2635 1365 2702 laeena
1387 2639 1474 2700 enirn
1499 2638 1625 2702 ridetur
1646 2635 1738 2724 lepis.
1780 2637 1878 2703 Recte
1900 2653 2005 2703 tamen
2028 2636 2115 2702 litte·

491 2773 560 2820 rem
582 2749 671 2816 Mem
694 2747 869 2836 supplebis,
897 2771 961 2814 non
981 2747 1065 2815 Teu.
1109 2751 1183 2815 Lin.
1197 2756 1228 2814 2.
1245 2771 1324 2814 noce
1339 2751 1449 2835 quinte
1462 2748 1570 2814 littere
1585 2753 1678 2814 tertia
1694 2773 1735 2816 ex
1750 2751 1932 2838 apographo
1946 2751 2113 2815 Lanciano

490 2866 695 2932 macilentum
718 2876 768 2928 eet
788 2861 915 2942 Rercd,
945 2865 1062 2926 iterum
1084 2862 1333 2926 assentientibus
1353 2860 1548 2948 apographis
1570 2865 1660 2928 meir.
1704 2865 1780 2930 Lin.
1798 2871 1817 2929 3
1838 2863 1895 2934 tin.
1917 2887 1974 2950 pro
1995 2861 2112 2927 litterin

489 2999 592 3064 peeue
613 2952 760 3040 enauidie
782 2997 817 3046 *a
839 2976 982 3040 Leucine
1004 2972 1103 3038 habet
1123 2994 1180 3054 nt,
1215 2972 1382 3060 exemplar
1403 2971 1609 3040 Brindtttadii
1632 2991 1691 3046 rm.
1733 2976 1882 3063 Denique
1902 2979 1936 3042 in
1957 2975 2032 3057 fine,
2054 2974 2113 3040 ubi

489 3087 735 3170 Barthelemyna
759 3085 806 3151 nil
827 3089 890 3150 niel
911 3099 1029 3173 puncta
1051 3089 1172 3172 poenit,
1203 3087 1346 3152 Lanciue
1366 3084 1543 3151 litterarum
1568 3103 1642 3153 octo
1664 3093 1801 3178 vertigie
1829 3091 2055 3155 animadvertit
2079 3104 2112 3155 et

490 3204 569 3268 aetia
590 3199 728 3266 feliciter
748 3196 917 3284 supplevit.

617 3313 680 3377 Hie
702 3313 887 3398 praemissis
909 3331 969 3376 noe
989 3314 1147 3400 integrum
1171 3309 1298 3376 titulum
1319 3313 1364 3376 ita
1385 3309 1523 3400 legimur
1540 3327 1574 3378 et
1588 3316 1852 3401 interpretemur,
1876 3337 2055 3402 quenquam
2069 3315 2110 3380 da

491 3441 636 3494 extrema
664 3437 754 3511 parte
776 3427 881 3490 minna
904 3439 991 3488 certe
1014 3439 1064 3489 ort
1091 3426 1265 3488 tentantia:

837 3532 953 3632 nain
984 3559 1105 3633 tactu
1138 3559 1173 3632 n
1203 3555 1347 3628 aaron
1377 3554 1486 3633 tarm
1517 3560 1601 3634 nm
1633 3559 1720 3632 aaa
1751 3557 1881 3638 actm

725 3697 817 3772 nnn
846 3700 965 3776 anun
998 3677 1054 3778 ab
1084 3702 1163 3770 uin
1198 3698 1318 3773 ruant
1349 3669 1461 3773 inme
1492 3675 1547 3780 ab
1578 3703 1687 3772 ntae
1719 3703 1802 3780 arn
1833 3704 1879 3802 pn

865 3845 1017 3947 capno
1049 3846 1170 3919 tanta
1202 3842 1282 3945 unp
1313 3843 1361 3944 pn
1392 3842 1457 3916 nn
1487 3843 1615 3920 natm
1646 3846 1768 3924 tnont
1800 3846 1881 3950 unp

1035 3964 1137 4066 ‚uin
1165 3989 1230 4060 nn
1261 3989 1367 4062 aron
1398 3989 1478 4090 put
1511 3987 1635 4061 tnano
1668 3965 1785 4068 nobo
1816 3991 1881 4064 nrt

488 4137 698 4210 Benedicta
726 4137 777 4210 tit
810 4135 946 4228 neto,
968 4135 1065 4228 filt'o
1098 4133 1297 4236 lichepln',
1324 4138 1536 4211 sacerdotia
1566 4135 1730 4214 oannis
1753 4141 1826 4216 dec.

492 4265 742 4340 stomachosa
762 4269 951 4340 neminem
977 4263 1090 4339 laeet't
1112 4273 1153 4340 et
1176 4265 1391 4339 calumnior
1415 4268 1456 4340 e’n
1482 4270 1668 4342 tremt'nem
1693 4267 1806 4344 deicit.
1863 4271 2073 4374 Or'rrtegro

489 4424 624 4472 norom
654 4395 822 4488 osiride,
856 4395 1053 4470 benedicte
1080 4407 1160 4470 esto
1187 4395 1233 4468 od
1264 4395 1426 4470 Orr'rr'de.
1477 4397 1687 4474 Honorota

488 4540 595 4620 erto,
617 4527 767 4602 nrrltrr'rc
792 4527 1023 4600 deliciorum
1047 4550 1241 4616 meorum,
1273 4527 1314 4600 'et
1335 4527 1439 4600 «turer
1456 4527 1546 4626 pr'oe
1567 4540 1658 4602 erto.
1718 4529 1820 4604 Vola.

613 4678 665 4744 De
688 4680 840 4744 idiomate
861 4681 931 4742 eiua
953 4674 1264 4754 observandarum,
1288 4677 1321 4740 id
1343 4677 1376 4740 in
1400 4681 1585 4744 universnm
1597 4677 1790 4746 Aramaenm
1808 4701 1892 4762 esee,
1914 4695 1947 4746 et
1963 4683 2109 4748 idiomati

485 4790 650 4858 titulorum
678 4789 940 4876 Palmyrenorum
969 4791 1081 4854 eodem
1104 4788 1199 4853 modo
1220 4791 1364 4854 vieinnnt
1384 4813 1447 4879 quo
1467 4793 1564 4856 etiam
1585 4789 1762 4858 litterarum
1782 4793 1905 4881 figurae
1928 4811 2020 4861 eunte
2050 4797 2108 4862 aed

486 4907 525 4968 ed
556 4905 752 4970 Hebraicnm
781 4918 887 4968 temen
915 4906 950 4968 in
979 4899 1143 4968 nonnullis
1173 4895 1346 4982 inclinare,
1380 4923 1443 4990 quo
1471 4907 1608 4990 pertinet
1639 4904 1778 4975 tttn'or'r
1798 4905 1897 4972 lton
1926 4929 1985 4993 pro
2006 4931 2105 4975 arem.

485 5031 590 5097 tenet,
625 5034 651 5086 tn
678 4998 775 5082 lludle
802 5020 836 5081 in
864 5016 1029 5081 femininis
1062 5019 1210 5102 (³:³5³,
1235 5031 1324 5096 fluit,
1347 5031 1490 5104 fl'tpttm,
1511 5021 1623 5099 nolu)
1650 5033 1699 5099 et,
1728 5019 1812 5106 quod
1832 5017 2015 5086 Atemeeee
2035 5023 2106 5088 dia·

482 5128 566 5194 lecto
602 5133 636 5194 in
674 5129 821 5217 Aegypto
856 5133 992 5194 unitatae
1025 5133 1209 5216 proprium,
1244 5151 1272 5200 tt
1308 5152 1366 5216 pro
1398 5151 1430 5200 tn
1464 5144 1540 5194 note
1575 5134 1721 5216 genitivi.
1776 5123 1877 5198 Plane
1908 5133 2041 5200 eoadem
2074 5149 2107 5200 et

483 5241 695 5306 liebreirmoe
716 5259 749 5308 et
769 5243 950 5309 idiotismoa
972 5243 1044 5331 (tt,
1068 5247 1126 5330 nr)
1147 5247 1256 5332 papyri
1272 5241 1473 5310 Blacaeeinni
1495 5243 1642 5312 offerunt.
1686 5237 1755 5312 lam
1769 5245 1897 5335 eingole
1917 5245 2105 5336 singulatim

481 5352 720 5441 perlnrtrentur.
