4922 6300
600 633 717 701 ιιιιιιι
738 632 990 702 raoamcas
1013 631 1243 704 rnornma.
1286 633 1328 700 ν.
1349 632 1607 702 ιιιιιιιιιιιι.
1840 640 1916 716 273
2051 627 2055 640 “

292 828 362 914 qui:
391 821 670 904 ‚,Marathensar‚
698 824 821 910 inquit,
845 843 957 889 aaron
979 819 1225 888 Seleucidarura
1246 823 1279 886 in
1296 821 1401 886 numia
1411 823 1479 886 anis
1491 821 1678 888 adhibuisse
1693 824 1768 888 inde
1786 823 1915 912 colligo,

291 938 375 1026 quod
405 959 521 1002 aomos
548 958 623 1000 suos
652 957 737 1000 anno
761 942 822 1002 166
853 939 983 1023 signare
1013 937 1181 1000 desierint:
1221 933 1284 998 hoc
1307 955 1382 998 vero
1405 957 1490 1000 anno
1513 957 1607 1000 aerae
1630 933 1850 1002 Seleucidicae
1872 937 1914 1002 ah
2053 953 2059 964 ’

291 1049 510 1116 Aradansihus
538 1050 664 1114 insidiis
694 1051 770 1114 victi
798 1063 874 1114 aunt
904 1069 1077 1135 eorumque
1105 1067 1182 1134 ager
1203 1050 1287 1112 inter
1310 1035 1446 1112 victores
1468 1060 1554 1112 sorte
1576 1049 1710 1112 divisus.
1755 1046 1806 1114 ct.
1829 1051 1914 1134 Foy-

289 1162 435 1228 Vaillant
449 1159 608 1228 Seleucid.
632 1163 707 1246 irnp.
726 1185 756 1247 p.
771 1166 867 1226 249.“
910 1161 970 1226 (lui
992 1161 1121 1248 quidem
1142 1163 1344 1225 coniecturae
1366 1163 1535 1247 quominus
1557 1158 1799 1246 adstipulamur,
1823 1161 1915 1248 plara

289 1289 363 1344 sant
384 1297 466 1363 quae
489 1297 548 1340 nos
570 1276 754 1360 impediant.
797 1272 943 1360 Namque
961 1279 1122 1358 prinum,
1153 1294 1331 1360 quanquam
1354 1271 1585 1344 Vaillantiusl.
1604 1296 1631 1338 c.
1659 1273 1796 1340 Diodori
1812 1275 1914 1344 Siculi
1983 1321 1988 1334 .

290 1387 361 1474 (sal
391 1391 497 1474 potios
525 1386 676 1471 Polyhii)
712 1389 929 1452 narrationem
963 1387 1003 1450 de
1038 1385 1231 1450 Aradionem
1264 1387 1391 1450 insidiis
1420 1399 1506 1449 recte
1534 1386 1575 1450 ad
1603 1384 1783 1452 Alexandri
1813 1387 1913 1456 Balae

289 1519 433 1588 tempora
453 1499 563 1589 retulit
579 1500 804 1585 (Ammouimn
821 1501 907 1564 enim
921 1496 1121 1563 Marathenis
1135 1497 1194 1564 auh
1215 1495 1400 1563 Alexandro
1415 1496 1496 1562 Bala
1508 1501 1693 1584 imperasse,
1716 1521 1758 1566 ax
1771 1501 1912 1588 losepho
1993 1493 1996 1496 ¹

289 1628 430 1692 constat,
458 1611 628 1678 Archaecl.
651 1612 849 1692 xl11‚4e.
873 1613 932 1698 6),
960 1613 1092 1676 minima
1114 1625 1220 1676 tamen
1244 1633 1286 1675 ex
1308 1614 1370 1675 ista
1392 1609 1548 1676 relatione
1571 1614 1793 1698 consequitur,
1824 1614 1910 1700 quod

289 1729 377 1794 addit
389 1725 606 1806 Vaillantius,
629 1725 686 1790 illo
707 1729 780 1813 ipso
802 1737 945 1810 tempore
967 1722 1105 1790 Aradios
1127 1727 1159 1788 vi
1184 1726 1382 1810 oppressisse
1397 1722 1625 1802 Marathousa,
1651 1739 1760 1788 contra
1782 1727 1815 1790 iu
1832 1725 1913 1794 haec

291 1840 387 1905 rerba
415 1840 532 1905 desinil
559 1839 740 1904 Diodorus:
777 1837 806 1904 oi
834 1837 870 1902 δὲ
893 1836 1032 1922 Ἀράδιοι
1059 1837 1182 1922 γνόντες
1212 1834 1263 1900 dui
1291 1840 1354 1901 τῶν
1381 1835 1585 1902 κατασκόπων
1612 1837 1827 1922 praerupium
1855 1841 1912 1924 τὴν

288 1955 370 2018 tttcv
391 1951 556 2034 ἐπιβολήν,
579 1951 771 2036 ἀπέστησαν,
799 1957 855 2035 τῆς
877 1949 928 2016 διὰ
950 1956 1012 2016 τῶν
1035 1951 1203 2014 ἐπιστολῶν
1226 1950 1418 2034 κακουργίας.
1463 1949 1560 2016 Haud
1582 1949 1683 2016 multo
1705 1963 1777 2036 post
1798 1952 1935 2020 urbem·

291 2065 331 2130 ah
352 2065 484 2130 Aradiis
505 2079 631 2153 captam
651 2079 683 2130 et
704 2087 799 2151 agros
820 2076 907 2130 sorta
930 2062 1051 2128 divisos
1073 2083 1166 2141 arsa,
1197 2083 1239 2126 ex
1261 2061 1419 2126 Strabone
1442 2076 1567 2128 constat
1588 2063 1638 2147 (v.
1660 2063 1795 2146 supra):
1829 2067 1913 2151 quod
2027 2063 2029 2070 ’
2145 2056 2150 2063 ’

289 2181 318 2244 ai
340 2179 454 2243 eodem
477 2191 618 2263 ternpore
640 2176 720 2242 illud
742 2177 861 2242 lactum
883 2190 988 2255 esset,
1029 2197 1050 2238 a
1077 2174 1223 2240 Diodoro
1253 2176 1356 2238 omitti
1384 2197 1449 2240 nou
1474 2177 1637 2261 potuisset.
1687 2171 1739 2237 De
1767 2192 1913 2266 ternpore

288 2294 387 2378 igitur
408 2289 551 2356 Marathi
565 2293 668 2356 excisi
682 2288 728 2355 nil
742 2301 882 2368 constat,
912 2303 948 2354 ut
963 2301 1047 2374 recta
1063 2287 1213 2352 observat
1229 2285 1420 2352 Mannertua
1435 2286 1496 2366 Vl,
1512 2293 1527 2350 1
1549 2309 1578 2372 p.
1601 2290 1673 2354 395.
1717 2289 1810 2356 Dein
1827 2279 1913 2379 qnod

290 2403 508 2488 Liadhergins
528 2404 624 2482 dicit,
646 2402 856 2469 Marathencs
877 2421 993 2466 numos
1015 2422 1109 2500 cusos
1132 2421 1203 2464 esse
1226 2400 1388 2487 usquead
1410 2421 1528 2466 annum
1553 2406 1625 2480 166,
1647 2403 1681 2467 id
1706 2401 1795 2470 nullo
1818 2427 1916 2494 argu-

289 2531 396 2582 mento
419 2516 512 2581 dixit.
562 2511 677 2601 Neque
707 2515 789 2580 mihi
818 2527 893 2578 nota
915 2511 1126 2578 sunthorum
1149 2533 1319 2576 nurnorum
1348 2510 1514 2598 exempla,
1549 2516 1603 2600 qui
1624 2537 1791 2582 numerum
1815 2541 1913 2604 supra

291 2627 400 2694 cvttt
414 2628 639 2692 ascendentem
655 2627 717 2692 sihi
734 2629 922 2712 inscriptum
940 2623 1097 2703 habeant,
1122 2645 1224 2710 neque
1240 2623 1457 2711 Lindhergius
1475 2623 1569 2690 huius
1583 2629 1711 2712 generis
1727 2630 1911 2716 exemplum

289 2742 452 2808 indicavit.
497 2738 652 2825 Denique
672 2739 844 2818 iaciamus,
875 2737 988 2802 urbem
1009 2757 1094 2800 auno
1117 2737 1184 2800 lara
1209 2742 1279 2801 166
1293 2737 1430 2804 dirutam
1452 2759 1542 2817 ease,
1566 2753 1599 2803 et
1621 2754 1749 2805 exstare
1763 2744 1911 2829 exempla

290 2873 479 2932 numerum,
502 2855 555 2938 qui
577 2853 649 2937 ipso
671 2871 756 2914 anno
779 2855 842 2915 166
864 2853 934 2916 cusi
956 2853 1038 2927 sint,
1062 2849 1137 2936 quid
1159 2851 1235 2914 inde
1258 2851 1421 2937 sequitur,
1445 2872 1538 2937 quam
1556 2873 1649 2938 posse
1664 2874 1766 2918 annos
1781 2855 1822 2920 ab
1836 2879 1912 2922 aera

287 2966 528 3032 Seleucidarum
552 2965 746 3050 computari:
773 2963 830 3028 red
852 2977 999 3050 poterant
1021 2964 1118 3028 etiam
1140 2961 1180 3027 ah
1202 2961 1267 3026 alia
1288 2985 1477 3052 quacunque
1499 2969 1679 3053 computari
1700 2987 1777 3032 aera
1798 2967 1911 3034 Seleu·

287 3082 430 3146 cidarnm
454 3079 627 3142 anteriore.

420 3191 536 3256 Tertia
565 3187 757 3276 epigraphe,
795 3189 835 3254 de
861 3191 952 3254 cuius
981 3201 1171 3275 argumento
1202 3209 1267 3252 non
1298 3201 1440 3270 coastat,
1479 3189 1603 3255 duabus
1632 3190 1774 3258 tribusve
1796 3191 1911 3262 littaris

291 3307 488 3382 continetur,
518 3323 599 3390 quaa
626 3301 667 3366 ah
698 3313 830 3387 utraque
850 3315 941 3387 parte
961 3299 1085 3387 figurae
1108 3322 1127 3364 e
1149 3303 1281 3386 regiona
1303 3301 1371 3365 lere
1394 3323 1523 3367 crurum
1544 3306 1589 3367 ita
1610 3308 1734 3390 positae
1757 3307 1841 3388 sint,
1877 3322 1912 3373 ut

290 3441 420 3484 numum
442 3416 659 3482 consideranti
680 3435 722 3478 ax
743 3415 879 3478 adverso
902 3415 976 3478 rint.
1027 3411 1133 3500 Atque
1155 3411 1235 3476 haec
1257 3415 1384 3498 quidem
1405 3415 1579 3501 epigraphe
1600 3419 1633 3480 iu
1656 3415 1729 3482 aliis
1753 3419 1910 3507 axernplia

290 3529 440 3609 aliaest,
469 3526 569 3592 veluti
590 3527 652 3602 litt.
677 3525 707 3590 A
729 3523 804 3618 qen,
832 3524 894 3590 litt.
919 3523 946 3590 B
969 3541 1033 3604 no,
1063 3523 1123 3591 litt.
1146 3522 1173 3587 C
1194 3541 1214 3590 ι
1239 3524 1316 3608 (uhi
1337 3524 1438 3590 altera
1459 3525 1567 3610 littera
1588 3531 1762 3614 evanida),
1791 3529 1850 3598 litt.
1878 3532 1910 3598 1)

291 3663 362 3721 un,
405 3641 466 3708 litt.
504 3642 533 3706 E
570 3659 613 3709 nr
652 3641 745 3724 (ιιι),
790 3638 849 3704 litt
877 3639 902 3702 F
933 3652 1022 3726 qna,
1061 3635 1123 3700 litt.
1159 3635 1277 3716 Gon,
1321 3636 1383 3704 liu.
1420 3639 1465 3702 Η.
1504 3657 1545 3719 ιι,
1583 3637 1643 3706 litt.
1678 3640 1694 3706 l
1730 3658 1797 3712 ιιι
1836 3644 1909 3729 (1);

290 3757 349 3822 litt.
370 3756 405 3822 K
428 3773 476 3826 hat
500 3753 542 3819 al.
588 3751 674 3830 Quid
697 3773 754 3816 eae
776 3751 977 3839 significent,
1016 3747 1144 3816 difficile
1168 3762 1217 3813 est
1238 3749 1335 3814 dictu.
1380 3729 1525 3838 Namque
1548 3751 1690 3818 valorem
1713 3758 1804 3819 narni
1826 3757 1912 3820 indi·

289 3891 364 3935 oara
396 3871 452 3932 vix
481 3880 634 3953 possunt,
663 3887 758 3952 quum
780 3878 870 3930 tanta
890 3864 1003 3930 harum
1025 3863 1201 3930 litterarum
1224 3865 1410 3942 diversitas,
1444 3867 1533 3928 numi
1555 3878 1661 3928 autern
1683 3887 1794 3950 omnes
1815 3869 1910 3934 aenei

289 3996 322 4046 at
350 3979 494 4044 eiusdem
523 3979 592 4043 lare
621 3976 742 4044 moduli
763 3980 836 4042 sint.
895 3977 1033 4044 Possunt
1061 3999 1137 4042 vero
1166 3999 1222 4064 per
1251 3969 1476 4063 compendium
1505 3979 1750 4064 magistratuum
1779 3982 1910 4044 nomina
1966 4048 1977 4065 ι
2050 4005 2060 4040 ι

288 4093 447 4158 indicare:
482 4115 562 4180 quae
588 4093 716 4177 quidem
745 4093 929 4156 coniectura
958 4111 997 4153 eo
1029 4091 1287 4169 commendatur,
1324 4091 1408 4176 qood
1430 4091 1517 4154 numi
1541 4090 1685 4156 eiusdem
1706 4091 1775 4158 lara
1797 4096 1911 4160 aetatis

290 4208 417 4272 easdem
438 4204 561 4269 litteras
584 4203 704 4268 hahere
729 4201 851 4282 solent,
890 4202 930 4266 cl.
953 4200 1014 4266 litt.
1038 4202 1068 4267 A
1088 4218 1120 4267 at
1143 4201 1180 4268 C.

415 4317 488 4382 Hae
516 4331 624 4382 autem
653 4314 778 4379 litterae
807 4291 964 4402 singulari
991 4317 1118 4381 cuidam
1151 4331 1183 4380 et
1211 4319 1388 4380 inveterato
1414 4317 1519 4379 errori
1548 4337 1658 4380 ansam
1681 4317 1909 4404 praebuerunt,

290 4433 344 4517 qui
365 4432 494 4496 tandem
517 4451 559 4494 ex
581 4426 895 4514 Palaeographornm
917 4430 1034 4494 animis
1049 4427 1236 4494 avellendos
1253 4441 1311 4493 est.
1357 4427 1484 4492 Etenim
1500 4425 1763 4513 Barthelemyua,
1787 4434 1909 4516 primos

290 4539 404 4608 horum
439 4564 607 4608 numerum
642 4545 820 4628 interpres,
864 4562 907 4604 ex
941 4543 1012 4604 aius
1043 4545 1173 4626 generis
1203 4539 1359 4626 exemplis
1387 4541 1551 4620 iudicans,
1590 4546 1622 4606 in
1655 4542 1770 4628 quihus
1798 4545 1911 4607 tertiae

289 4653 482 4743 epigraphes
505 4658 608 4741 prima
628 4653 735 4718 littera
758 4653 797 4736 (a
819 4666 909 4740 tergo
932 4651 1055 4740 figurae
1079 4669 1111 4720 et
1129 4659 1222 4720 iuxta
1250 4655 1319 4720 Τιιιι
1338 4655 1424 4717 vocis
1439 4671 1513 4724 nno
1528 4653 1654 4742 posita)
1677 4655 1749 4719 Aia
1770 4669 1839 4718 erat
1862 4655 1911 4738 (v.

288 4765 439 4832 Mionnat
460 4766 503 4854 pl.
526 4774 566 4834 23
589 4790 642 4834 no.
660 4772 710 4831 ta.
727 4771 776 4832 17.
793 4773 843 4830 21.
859 4773 910 4830 22.
927 4771 976 4830 23.
1000 4765 1125 4832 Dolens
1144 4767 1223 4846 11,2
1244 4766 1300 4852 fig.
1317 4772 1346 4830 6.
1363 4768 1414 4848 6),
1438 4766 1500 4831 hoc
1522 4769 1595 4832 Ar'n
1616 4789 1687 4830 oum
1709 4764 1823 4831 litteris
1839 4785 1911 4839 nnn

289 4878 472 4966 copulavit,
516 4879 667 4968 urbisque
697 4899 813 4944 nornen
842 4875 920 4964 legit
941 4895 1033 4946 rnna
1066 4877 1178 4962 (lettre
1200 4879 1220 4940 h
1242 4875 1418 4960 Olivieri),
1458 4900 1551 4964 quam
1574 4877 1744 4942 lectionem
1766 4893 1913 4964 repetunt

286 5007 413 5081 praeter
436 4992 653 5078 Tychsenium
668 4995 696 5077 *)
720 5013 841 5069 ornnes,
864 5005 898 5055 ut
917 4989 1119 5068 PelleriniuS,
1140 4988 1329 5066 Dotensiur,
1353 4988 1540 5070 Eckhelius,
1565 4993 1727 5077 usquead
1750 4989 1911 5080 Koppium

288 5111 361 5192 (ll,
383 5135 412 5198 p.
430 5115 533 5195 216),
560 5115 613 5199 qai
637 5133 755 5176 novum
778 5131 917 5176 errorent
943 5111 1039 5176 addit.
1083 5110 1113 5174 ls
1136 5110 1222 5174 enim
1243 5129 1303 5194 pro
1325 5106 1396 5174 Ain
1419 5111 1513 5172 etiam
1537 5111 1627 5198 Φ
1657 5112 1826 5176 inveniens
1845 5115 1864 5176 i.
1883 5135 1911 5178 e.

343 5356 370 5423 ')
387 5361 590 5416 Ballerrnaanus
607 5363 669 5430 (ttt,
681 5360 724 5427 18)
740 5360 834 5413 saltent
850 5357 985 5424 concedit,
1004 5373 1064 5410 aeae
1081 5373 1193 5426 nomos,
1211 5358 1238 5411 in
1255 5356 1351 5426 ‹pribna
1368 5356 1442 5410 urhis
1460 5373 1560 5413 noman
1577 5359 1648 5412 {tw
1668 5360 1793 5418 scribitur
1811 5363 1915 5416 θῦνε.

1484 5463 1524 5526 35
