4906 6300
827 610 1164 682 mscmrrrouas
1190 610 1484 680 mssruausss.
1915 618 1961 692 91
1994 685 1997 698 ‚
2031 693 2042 722 l

341 797 499 884 (Miscell.
524 797 643 886 phoen.
670 821 703 885 p.
724 797 825 882 218)ι
863 801 902 864 66
930 803 1029 866 161166
1059 821 1136 864 vero
1166 802 1359 866 narrationis
1389 798 1454 864 fide
1482 797 1664 884 dubitamus
1693 821 1764 866 cum
1793 799 1964 889 Mignciiu

340 912 536 1000 (Memuiras
560 913 599 977 66
620 911 731 978 16666.
753 913 861 992 XLII,
885 935 916 999 p.
930 915 1009 999 28),
1047 913 1227 980 Munnerto
1256 911 1480 1000 (Geographie
1503 913 1560 976 der
1581 909 1739 976 Grieohen
1761 914 1826 980 und
1846 913 1965 982 Rbmer

340 1025 387 1104 X,
410 1033 431 1090 2
451 1049 480 1111 p.
502 1031 584 1109 197)
607 1023 671 1104 ah,
704 1047 884 1113 quanquam
906 1026 946 1090 66
969 1025 1030 1090 hac
1051 1047 1148 1092 causa
1169 1049 1253 1093 nuuc
1276 1027 1402 1112 quidem
1427 1026 1589 1110 disputare
1612 1008 1674 1088 hou
1700 1041 1792 1092 vacat
1814 1027 1854 1112 ἰ).

466 1137 575 1224 Atque
594 1137 651 1202 1116
673 1141 801 1226 quidem
822 1151 1029 1204 monumenta
1050 1137 1179 1225 publica
1199 1153 1290 1204 erant
1313 1141 1432 1204 66616.
1476 1137 1595 1202 Eorum
1618 1151 1743 1216 autem,
1767 1161 1847 1225 quae
1866 1139 1963 1208 hodie

338 1266 510 1337 supersunt
537 1266 569 1316 61
595 1250 657 1316 hoc
684 1250 769 1319 libro
797 1251 1058 1330 illustrabuntur,
1090 1253 1242 1337 pauciora
1263 1263 1354 1328 sunt,
1387 1271 1468 1335 quae
1490 1249 1621 1335 publica
1642 1250 1796 1336 appellari
1817 1268 1960 1338 possunt,

338 1363 438 1428 veluti
458 1362 569 1430 titulus
593 1361 748 1432 Citiensis
758 1372 887 1450 priscus
909 1366 950 1430 ad
972 1366 1205 1430 dedicationem
1226 1365 1294 1430 lani
1309 1363 1489 1448 partinens,
1510 1360 1672 1429 Numidici
1693 1369 1791 1428 t—4
1810 1389 1829 1432 6
1846 1364 1962 1434 Ν661·

336 1477 411 1542 11166
437 1475 558 1564 regulis
586 1477 846 1564 principibusque
876 1479 943 1544 suis
973 1492 1005 1542 et
1033 1475 1144 1565 populi
1172 1476 1280 1541 verbis
1309 1477 1381 1541 Dec
1404 1475 1510 1542 Solari
1534 1477 1727 1552 consecrati,
1769 1474 1960 1544 Numidicus

336 1591 550 1676 6111616666.
565 1591 620 1676 61)
636 1589 840 1656 6Ν6616166
853 1589 965 1676 regulo
982 1606 1053 1676 post
1067 1592 1232 1656 victoriam
1248 1591 1287 1658 de
1304 1589 1457 1654 Romanis
1471 1601 1662 1675 reportatam
1679 1589 1859 1668 dedicatus,
1885 1589 1962 1658 Tri·

336 1699 495 1788 politauus
513 1711 641 1789 primm
665 1705 820 1788 (6664)
843 1725 861 1765 6
884 1703 1061 1768 Suffetibus
1075 1699 1285 1788 Tripolitanis
1301 1703 1421 1768 Severo
1438 1701 1585 1789 Augusto
1607 1703 1789 1785 inscriptus.
1826 1699 1962 1790 Reliqua

337 1819 591 1902 omniaprivata
613 1831 705 1895 sunt,
734 1835 835 1900 eaque
858 1815 910 1879 661
931 1813 1124 1902 sepulcralia
1147 1817 1217 1900 (66.
1238 1823 1269 1880 2.
1291 1821 1318 1882 5.
1342 1821 1373 1880 6.
1397 1819 1428 1880 7.
1456 1821 1585 1881 9-42.
1608 1823 1659 1878 44.
1683 1817 1735 1880 53.
1759 1817 1810 1878 54.
1831 1798 1883 1881 56.
1907 1821 1960 1882 62.

336 1932 389 1992 63.
410 1933 461 1992 71.
477 1929 558 2010 72),
589 1927 643 1993 661
663 1930 772 1994 votiva
801 1925 913 2008 Bauli,
946 1931 1007 1993 deo
1035 1929 1191 2016 ἐγχωρίῳ,
1232 1942 1419 1994 6666666616
1448 1930 1522 2014 (no.
1548 1936 1576 1992 1.
1599 1933 1630 1992 3.
1651 1933 1683 1991 4.
1706 1929 1858 1991 46-52.
1879 1928 1958 2012 65)1

334 2037 491 2106 66666116
511 2039 583 2106 6616
602 2045 734 2106 uomina
756 2046 923 2108 continent
941 2039 994 2106 661
1014 2041 1145 2106 vasculo
1174 2042 1245 2123 (66.
1265 2043 1330 2136 43)
1349 2039 1402 2104 661
1423 2041 1540 2128 sigillis
1563 2042 1716 2126 inscripta
1738 2041 1810 2122 (no.
1832 2045 1884 2108 45.
1906 2046 1958 2108 67.

335 2153 418 2218 6716.
433 2156 511 2218 676.
525 2159 576 2218 68.
592 2159 644 2219 69.
663 2159 733 2236 70).
776 2154 813 2218 ln
837 2153 1007 2220 Arumaeis
1022 2153 1229 2240 Aegyptiacis
1246 2153 1326 2218 adeo
1344 2156 1500 2239 quaedam
1520 2155 1701 2241 fragmenta
1715 2166 1789 2217 sunt
1802 2150 1959 2222 librorum
2022 2233 2027 2246 Ι

335 2288 458 2352 papyro
479 2268 703 2353 inscriptorum
725 2269 800 2352 (66.
819 2273 903 2333 73-
917 2269 986 2352 75).

465 2377 601 2466 Utrique
630 2393 736 2446 autem
759 2393 1036 2446 monumentorum
1059 2376 1306 2445 Phoeniciorum
1329 2381 1463 2466 generi,
1497 2379 1758 2465 inscriptionibus
1787 2385 1958 2462 6166616,

335 2495 463 2578 propria
498 2515 558 2560 sua
592 2477 694 2556 virtu's
723 2507 772 2557 661
801 2498 1000 2580 pretiumque
1030 2495 1065 2558 in
1095 2514 1130 2556 re
1160 2491 1431 2578 palaeographica
1460 2491 1631 2577 peculiare.
1686 2490 1737 2557 Ac
1766 2495 1959 2560 numismata

335 2605 483 2692 quidem,
512 2625 610 2693 quum
630 2604 830 2692 singularum
852 2604 1097 2693 epigrapharum
1119 2603 1229 2690 plures
1257 2605 1311 2689 (ut
1332 2607 1377 2670 ita
1398 2604 1523 2688 dicam)
1552 2604 1708 2670 editiones
1728 2625 1800 2669 esse
1822 2603 1959 2688 soleant,

333 2716 534 2805 singularum
556 2732 662 2783 autem
677 2720 853 2784 editionum
870 2739 966 2804 saepe
981 2717 1074 2805 plura
1086 2718 1248 2782 interdum
1262 2718 1343 2782 adeo
1360 2715 1460 2782 multa
1477 2713 1625 2802 exempla
1645 2694 1790 2796 6661661,
1812 2715 1896 2785 hanc
1915 2719 1957 2786 ob
2036 2691 2044 2707 ¹

333 2852 462 2896 666666
490 2845 560 2896 166
589 2833 785 2896 certissimae
808 2830 1033 2918 explicationis
1053 2844 1128 2896 suut
1156 2844 1224 2894 tum
1245 2831 1278 2894 in
1299 2827 1416 2896 litteris
1446 2827 1592 2894 obscuris
1620 2825 1819 2894 illustrandis
1854 2829 1958 2898 utilis·

333 2946 418 3009 sima
445 2943 609 3030 (111615.
634 2945 710 3028 tt):
750 2959 861 3010 contra
890 2946 952 3032 (ne
980 2946 1019 3012 de
1042 2942 1226 3030 epigraphis
1251 2943 1354 3008 dicam
1375 2943 1411 3008 iu
1431 2921 1839 3027 operibus'uumistuaticis
1860 2964 1956 3030 saepe

332 3055 418 3122 6616
438 3056 503 3122 fide
528 3057 685 3142 depictis)
716 3059 912 3137 61166666,
951 3056 1066 3142 quihus
1089 3058 1129 3121 66
1152 3059 1226 3142 ipsa
1244 3053 1493 3141 numophylacia
1515 3055 1618 3119 aditus
1642 3067 1709 3134 est,
1738 3072 1836 3142 saepe
1859 3071 1956 3126 vexat

332 3168 469 3236 616616
493 3169 593 3236 habet
613 3172 750 3256 turpiter
773 3171 889 3234 detrita
910 3167 1084 3262 multorum
1106 3167 1327 3255 exemplorum
1349 3167 1509 3245 conditio,
1545 3181 1594 3250 et,
1630 3189 1810 3254 quanquam
1838 3168 1955 3240 borant

332 3304 502 3348 numerum
532 3303 597 3348 nou
624 3285 780 3369 exiguum
806 3295 1001 3348 momentum
1031 3286 1138 3348 66116
1167 3281 1302 3346 historie
1332 3293 1365 3344 et
1393 3278 1590 3368 geographia
1610 3277 1817 3361 illustranda,
1848 3295 1953 3352 16666

331 3418 436 3483 pauca
449 3394 517 3476 1116,
538 3417 619 3482 quae
635 3397 812 3472 continent,
835 3394 934 3460 verba
948 3396 988 3460 sd
1003 3393 1147 3480 linguam
1162 3394 1370 3461 Phoenicium
1384 3392 1606 3458 illustrandam
1621 3415 1735 3480 parum
1751 3395 1882 3464 faciunt.
1902 3399 1955 3466 Ex

331 3507 594 3594 inscriptionibus
623 3529 699 3572 6666
729 3505 909 3592 titulisque,
942 3509 1132 3593 praesertim
1164 3506 1341 3578 maioribus
1372 3504 1457 3585 illis,
1494 3508 1546 3592 qui
1573 3527 1637 3572 nou
1667 3511 1799 3574 nomine
1825 3514 1955 3598 propria

333 3635 473 3701 tautum,
502 3622 560 3687 sed
580 3623 723 3706 integras
745 3623 920 3684 sententias
937 3621 1117 3698 continent,
1141 3621 1238 3684 etiam
1253 3619 1292 3682 de
1305 3620 1475 3684 universae
1487 3616 1618 3702 liuguae
1629 3619 1739 3684 indole
1753 3635 1786 3684 et
1800 3625 1955 3692 orationis

333 3731 442 3800 colore
462 3735 616 3800 iudicium
638 3734 745 3798 166666
767 3731 858 3798 licet:
884 3745 915 3798 et
929 3753 1107 3818 quanquam
1122 3729 1324 3817 singulorum
1345 3732 1490 3816 (praeter
1505 3751 1603 3794 uuum
1619 3729 1897 3822 Melitensemqno.
1914 3743 1954 3816 1)

331 3845 460 3934 singula
488 3859 612 3912 tautum
642 3844 790 3932 exempla
820 3859 965 3926 exstant,
1002 3858 1107 3909 16666
1130 3865 1241 3909 66666
1262 3841 1358 3908 166116
1388 3855 1455 3906 166
1477 3845 1599 3906 maiore
1620 3840 1798 3910 litterarum
1821 3845 1952 3914 modulo

332 3975 403 4026 166
427 3963 570 4047 ipsorum
599 3973 878 4024 monumentorum
907 3951 1031 4026 ambitu
1058 3955 1274 4043 similiumque
1302 3958 1445 4020 interae
1475 3957 1712 4041 comparatione
1741 3959 1788 4023 ita
1814 3961 1952 4043 iuvatur,

332 4089 389 4152 ut,
419 4073 722 4209 6666666166
745 4072 955 4160 urttogruphu
977 4071 1173 4150 6661116611,
1208 4092 1273 4136 666
1295 4068 1431 4136 multum
1453 4067 1542 4135 dubii
1563 4051 1733 4157 superesse
1755 4071 1867 4140 soleat.
1939 4097 1941 4107 ·

833 4410 1080 4482 CAPUT
1131 4409 1454 4478 PRIMUM.

611 4549 1165 4686 IN=SCRIPTIONES
1217 4546 1668 4668 MELITENsES.

455 4733 602 4803 Melitam
619 4739 850 4825 antiquissimis
863 4688 1058 4822 temporibus
1074 4735 1251 4800 Phoenices
1265 4732 1397 4799 colonos
1414 4732 1576 4814 hahuisse,
1599 4735 1654 4820 qui
1668 4737 1776 4818 magni
1790 4729 1951 4798 faciebant

329 4846 414 4912 hanc
434 4847 573 4916 insulam
596 4865 725 4938 propter
742 4849 885 4917 locorum
901 4863 1108 4936 portuumque
1124 4851 1390 4934 opportunitatem
1407 4859 1507 4911 tutum
1520 4848 1554 4910 iu
1568 4843 1737 4910 itineribus
1753 4848 1950 4912 mercatoriis

383 5055 409 5122 *l
435 5055 547 5111 Praeter
566 5073 597 5110 ea
618 5073 687 5126 iprae
706 5055 825 5110 laudarit
849 5055 1062 5108 1166616661.
1081 5070 1105 5106 o.
1172 5051 1279 5121 Lipsiae
1304 5049 1531 5105 testemonium.

331 5165 360 5202 v.
380 5155 417 5204 lo.
438 5155 496 5208 Clu.
517 5156 668 5206 Learchueri
685 5156 782 5205 dissert.
800 5173 877 5222 super
897 5153 1014 5220 Procopii
1038 5153 1107 5203 teui-
1180 5191 1182 5196 .
1226 5150 1270 5201 De
1288 5147 1367 5200 titulo
1386 5147 1501 5216 quodem
1518 5143 1621 5201 Punico
1638 5147 1668 5200 in
1685 5148 1791 5202 theatro
1809 5145 1948 5224 Carthagi-

329 5251 411 5300 monio
436 5253 468 5303 de
489 5255 609 5302 columnia
627 5255 768 5316 Tingitana
791 5253 867 5304 ratde
888 5251 1026 5318 probabili,
1057 5248 1106 5301 sub
1174 5244 1251 5298 nansi
1278 5251 1402 5297 exstante
1430 5252 1457 5298 et
1486 5261 1502 5296 a
1535 5242 1667 5313 scriptore
1693 5246 1809 5316 quudm
1832 5245 1950 5300 Arabico

328 5341 408 5398 iuem
423 5348 613 5415 opusculorum
630 5321 769 5402 66616666
784 5349 818 5404 66
833 5356 907 5402 secta
919 5344 1106 5416 Elpistioorurn
1176 5349 1386 5400 commemorato
1404 5359 1434 5398 6.
1453 5342 1485 5394 66
1505 5339 1593 5402 insu,
1605 5343 1648 5400 ⁵⁵.

1489 5447 1568 5509 12*
