4978 6296
464 609 467 618 Α
505 599 556 676 to
625 592 759 663 tuan
780 588 955 659 narnus.
982 563 1370 658 'atttroonrrurt
1394 589 1647 661 rnonnrcn.
1692 587 1840 658 creor
1860 585 2079 664 uranon.
2185 569 2190 576 '

504 789 539 851 in
561 785 701 869 Erycina
719 805 817 870 caepe
835 803 1008 868 apparens,
1040 798 1073 845 ct
1092 791 1198 845 cerua
1218 778 1483 868 nigrificationia:
1514 799 1578 845 non
1600 781 1751 866 ignorant
1768 782 1857 844 eninr
1882 775 2129 864 Palaeographi,

505 901 664 966 interdont
692 900 726 972 in
755 897 884 982 antiqua
913 896 1069 978 scriptura
1094 889 1273 958 litterarum
1301 892 1422 980 ligarat
1451 895 1496 958 ita
1517 891 1558 957 ab
1579 913 1645 957 nno
1667 889 1826 958 elemento
1848 893 1887 956 ad
1911 890 1998 956 aliud
2021 887 2128 956 tintile

506 1033 578 1077 eoae
601 1009 770 1076 translatas
786 1012 826 1091 *).
879 1003 973 1082 Quod
995 1007 1029 1068 in
1051 1002 1287 1091 Barthelernyi,
1316 1005 1469 1072 Dntenaii
1491 1007 1597 1093 etqui
1619 1003 1679 1071 hoa
1701 1008 1826 1092 sequuti
1849 1019 1923 1070 tunt
1947 1001 2130 1090 alphabetis

505 1125 591 1190 inter
610 1122 736 1188 litterae
757 1119 810 1184 lle
832 1117 955 1205 figures
977 1115 1116 1184 refertur
1136 1122 1233 1184 etiam
1255 1101 1319 1198 Ἣ,
1334 1119 1382 1190 ,id
1404 1118 1504 1184 Sohia
1527 1138 1599 1185 eaae
1619 1121 1684 1183 iant
1706 1115 1851 1202 Boyerut
1874 1120 1992 1186 docuit.

557 1274 560 1282 ¹
658 1288 918 1376 ¹„Antiquiores
938 1288 1060 1354 lorntaa
1081 1311 1134 1376 no.
1159 1295 1188 1356 1.
1211 1296 1241 1354 2.
1265 1295 1285 1354 3
1307 1303 1475 1354 servarunt
1497 1289 1625 1370 Graeci,
1647 1289 1785 1369 Etrusci,
1807 1288 1980 1370 Samnites,
2004 1287 2131 1366 Umbri,

590 1403 776 1486 „llotnaoi‚
807 1425 827 1468 a
856 1402 971 1488 quibua
999 1423 1097 1488 prope
1125 1401 1242 1468 abeant
1270 1399 1414 1466 Hebraei
1442 1405 1475 1467 in
1500 1416 1628 1468 moneta
1648 1417 1680 1466 et
1702 1400 1917 1482 Samaritani„
1943 1403 2026 1488 apud
2050 1423 2131 1490 quoa

588 1530 711 1598 „corta
739 1518 834 1582 modo
865 1529 1014 1601 suprema
1040 1513 1136 1580 modo
1166 1515 1273 1580 media
1293 1513 1377 1579 oltra
1398 1537 1528 1602 scapum
1547 1511 1738 1602 prolongata
1759 1528 1818 1580 est.
1861 1512 1983 1600 Scapua
2006 1514 2130 1580 medina
2215 1499 2220 1518 ‘
2305 1551 2317 1558 -

587 1629 823 1719 „prolongatus
845 1640 895 1693 eat
916 1628 1012 1692 etiam
1041 1629 1076 1691 in
1105 1627 1242 1714 aethiop.
1268 1637 1343 1718 fh,
1374 1628 1458 1715 quod
1486 1630 1614 1714 proprie
1635 1627 1691 1694 Hc
1712 1648 1784 1693 ease
1807 1629 1892 1708 (non
1919 1625 2023 1714 etet)
2044 1640 2130 1692 recte

591 1746 774 1828 „observat
797 1746 946 1832 Koppiut
967 1745 1014 1831 (p.
1037 1751 1109 1812 352.
1130 1748 1248 1832 381).“

677 1904 700 1940 ,,
710 1857 836 1942 Coctia,
860 1883 940 1948 quae
962 1861 995 1924 in
1019 1858 1202 1924 Phoeniciis
1224 1856 1399 1947 parallelae
1420 1873 1513 1940 aunt,
1536 1861 1624 1924 rarie
1644 1855 1822 1936 inclinatio,
1844 1874 1879 1922 ut
1901 1856 1952 1921 vel
1973 1855 2014 1922 ab
2035 1859 2130 1924 initio

591 1977 676 2058 „vel
695 2001 715 2042 a
736 1977 801 2044 fine
824 2000 860 2043 ae
882 1991 1032 2066 tangant,
1053 1991 1142 2042 ortae
1163 1992 1239 2043 aunt
1258 1977 1383 2065 figurae
1402 1979 1436 2042 io
1452 1991 1581 2043 moneta
1597 1975 1736 2042 hebraea
1751 1991 1783 2040 et
1797 1980 1831 2041 in
1850 1975 2047 2061 Palmyrenis
2071 1949 2129 2072 >h
2265 2039 2269 2045 .

676 2131 761 2210 „Ex
782 2126 888 2215 figura
909 2101 1126 2238 primaria3
1161 2133 1194 2196 in
1231 2129 1363 2196 Graecia
1397 2128 1563 2217 frequente
1594 2129 1786 2216 explicanda
1821 2129 1925 2194 forma
1960 2131 1993 2194 in
2030 2151 2129 2196 aram.

587 2268 832 2354 „aegyptiacia,
862 2279 895 2330 et
921 2269 956 2340 in
984 2265 1182 2350 Palmyrenis
1205 2263 1379 2346 Romania,
1410 2287 1454 2330 ex
1474 2287 1539 2352 qua
1562 2267 1700 2354 denique
1721 2281 1826 2332 ortntrt
1849 2265 1903 2332 lle
1925 2269 2130 2354 quadratum,

589 2383 673 2460 „cui
696 2377 802 2445 eimile
823 2383 886 2443 iarn
909 2381 943 2466 in
966 2379 1149 2448 Phoeniciis
1164 2393 1213 2442 eat
1235 2399 1287 2442 uo.
1311 2384 1366 2444 8.“
1836 2465 1841 2476 Ι

670 2490 758 2572 „He
779 2495 994 2560 recentiorum
1017 2492 1170 2576 Syrorum
1195 2483 1231 2559 or
1247 2491 1289 2556 e'x
1310 2491 1416 2556 forma
1434 2491 1636 2558 Samaritana
1657 2505 1690 2556 et
1712 2490 1787 2558 huic
1808 2489 1979 2574 airnilibna,
2002 2491 2131 2560 duahua

472 2613 478 2621 “
591 2607 721 2685 „enada
743 2607 775 2670 in
798 2607 960 2670 anteriore
980 2619 1071 2692 parte
1090 2603 1265 2692 ,copulatiu
1287 2603 1381 2670 facile
1403 2595 1536 2670 formari
1557 2612 1728 2693 poterat.“

1259 2813 1288 2890 1.
1320 2815 1371 2875 17.

1110 2945 1221 3058 Poe
1275 2947 1526 3044 littera.

630 3072 683 3143 De
711 3077 773 3146 hac
799 3077 905 3144 littera
933 3102 1095 3168 perpauca
1123 3103 1225 3167 eaque
1255 3104 1297 3146 ex
1325 3095 1413 3168 parte
1442 3077 1525 3144 lalaa
1557 3091 1786 3165 praeceperunt
1814 3074 2046 3164 Palaeog'raphi
2076 3077 2126 3162 (v.

504 3189 670 3277 Lindberg
692 3214 718 3278 p.
739 3193 816 3278 63):
845 3195 879 3258 in
901 3191 1045 3279 pluribus
1066 3191 1247 3280 alphabetis
1269 3213 1308 3257 ea
1329 3213 1459 3278 prorant
1482 3193 1581 3259 deest.
1624 3189 1694 3258 Nec
1711 3215 1789 3258 eane
1807 3191 1958 3278 irequena
1975 3206 2024 3256 eat
2045 3187 2125 3255 haec

505 3300 627 3379 littera3
651 3325 745 3390 quant
767 3307 984 3391 quiescentem
1006 3305 1182 3370 Phoenices
1203 3327 1336 3392 prorsus
1359 3306 1508 3372 omittunt
1530 3305 1650 3392 (tto)
1681 3319 1712 3370 et
1735 3307 1865 3370 nonnisi
1887 3303 2058 3422 nubilant,
2091 3315 2125 3366 nt

370 3467 376 3474 .
506 3413 713 3482 Grammatici
734 3415 926 3503 loquuntur,
954 3417 1095 3484 scribere
1117 3417 1232 3483 solent.
1275 3417 1413 3506 Figurae
1435 3419 1505 3483 eiua
1527 3417 1589 3482 hae
1613 3431 1688 3484 aunt

1119 3533 1132 3564 2
1248 3534 1259 3564 2
1360 3534 1371 3568 2
1478 3535 1491 3564 4

472 3809 477 3820 ¹
505 3860 586 3925 quae
608 3860 719 3904 ontnea
741 3845 821 3904 tenor·
839 3841 966 3906 clnor've
981 3840 1155 3924 imaginant
1169 3839 1313 3904 referunt
1335 3838 1394 3925 (cl.
1411 3840 1451 3903 de
1465 3819 1623 3904 vocabulo
1645 3855 1676 3930 ιιτ
1689 3834 1752 3902 toli
1768 3835 1983 3902 Pentateucho
1997 3839 2125 3924 proprio

502 3947 605 4016 Thea.
623 3950 701 4040 ling.
717 3950 807 4016 hebr.
822 3951 847 4031 l,
863 3975 893 4038 p.
903 3951 999 4034 399),
1022 3971 1211 4038 quamquam
1230 3953 1384 4036 primaria
1404 3950 1509 4037 figura
1523 3951 1659 4016 sortaare
1675 3950 1800 4016 duobua
1815 3949 1956 4016 brachiis
1972 3953 2126 4038 insignita

503 4078 573 4128 erat
593 4065 655 4148 (cl.
681 4067 818 4150 notam).
867 4065 948 4130 Vide
964 4063 1017 4151 fig.
1034 4071 1177 4149 primane
1199 4061 1303 4128 Melit.
1327 4069 1343 4154 1
1367 4061 1424 4129 lin.
1442 4071 1461 4128 2
1484 4063 1559 4147 (ubi
1577 4062 1649 4128 Vav
1665 4051 1778 4149 copula
1791 4065 1878 4150 eat),
1900 4065 2072 4131 secundant
2089 4065 2124 4127 in

505 4173 613 4242 Carth.
636 4183 668 4257 3,
694 4186 722 4244 1.
753 4185 784 4258 5,
810 4187 824 4244 1
850 4193 883 4243 et
901 4197 996 4242 numo
1021 4175 1166 4259 Motyea,
1203 4182 1335 4240 tertioue
1359 4175 1419 4241 cit.
1439 4181 1459 4241 3
1480 4173 1538 4243 lin.
1560 4183 1580 4241 2
1601 4176 1671 4258 bis,
1694 4175 1879 4258 Numida,
1911 4177 2005 4261 Eryc.
2025 4175 2124 4242 tint

506 4305 539 4356 et
561 4301 710 4378 quartam
739 4293 859 4380 (quae,
889 4293 919 4356 ai
938 4289 1029 4358 trodo
1051 4298 1143 4354 recte
1160 4293 1256 4376 picto
1277 4296 1345 4368 eti,
1375 4286 1421 4354 nil
1443 4290 1551 4356 differt
1572 4313 1593 4356 a
1613 4290 1719 4358 Gintel
1729 4289 1825 4376 y'Cit.
1847 4298 1904 4372 22,
1919 4297 1950 4354 2.

628 4433 662 4498 Α
684 4431 790 4498 Gimel
811 4430 969 4518 quomodo
991 4430 1137 4506 differat,
1171 4431 1243 4494 vide
1265 4429 1324 4494 auh
1347 4426 1408 4494 hac
1428 4427 1544 4496 littera.

630 4569 802 4654 Perperant
824 4567 857 4628 in
888 4563 982 4629 huius
1007 4561 1135 4630 litterae
1163 4563 1276 4652 liguria
1299 4567 1478 4632 recensitae·
1497 4584 1571 4632 aunt
1592 4592 1612 4632 a
1633 4523 1763 4655 Koppio
1783 4581 1816 4630 et
1839 4565 2033 4653 irindhergio
2075 4527 2109 4662 Ἰ

504 4769 627 4856 (Melit.
648 4777 668 4836 2
688 4767 747 4838 Ιίιι.
768 4772 830 4854 3),
860 4768 943 4856 quod
966 4766 1032 4834 Phe
1055 4783 1119 4845 eat;
1147 4687 1231 4880 bs
1267 4767 1328 4836 cn.
1352 4778 1403 4853 tt,
1428 4779 1457 4840 1.
1488 4797 1519 4840 v.
1542 4770 1648 4859 Kopp.
1673 4778 1704 4850 1,
1726 4775 1800 4849 236,
1830 4773 1863 4834 in
1888 4791 1950 4856 quo
1971 4767 2050 4836 latet
2071 4787 2124 4848 εις

504 4961 608 5026 nequa
629 4962 693 5006 non
736 4911 771 5080 a!
822 4961 909 5006 narn.
929 4937 1021 5006 Cilic.
1040 4939 1073 5006 A
1093 4943 1142 5028 (v.
1165 4941 1281 5011 Amad.
1304 4943 1473 5030 Peyron),
1509 4940 1591 5028 qnod
1614 4941 1891 5027 manilarto'Capb
1915 4956 1973 5006 eat.

559 5230 587 5302 *l
605 5229 677 5285 Vide
694 5229 764 5285 infra
787 5233 813 5302 ς.
831 5235 880 5298 16,
900 5239 917 5290 3
940 5237 974 5290 de
991 5232 1087 5288 litteris
1111 5234 1280 5291 sibilantibus
1351 5237 1403 5290 350
1426 5233 1460 5286 de
1484 5233 1549 5285 Sent
1573 5230 1751 5306 Aethiopum.
1777 5243 1804 5288 et
1830 5237 1900 5304 qnod
1923 5235 2013 5308 Ateptr
2039 5238 2123 5292 Neto-

506 5327 579 5398 aprtd
594 5327 722 5382 Graeoot·
762 5329 840 5384 Adde
864 5349 932 5400 qnae
956 5329 1077 5401 Koppioe
1107 5309 1224 5402 disputat
1244 5333 1281 5398 ll,
1350 5343 1473 5384 reeorutn
1493 5327 1528 5382 ita
1547 5327 1600 5398 (ο)
1620 5327 1723 5400 hictum
1740 5347 1836 5390 terere
1854 5333 1908 5387 Ain
1929 5341 1976 5386 eat.
