4902 6306
503 629 554 704 ιι
620 622 953 692 aususausus.
995 620 1370 691 rsusuooauruut
1391 621 1646 692 ruouuuom.
1689 621 1837 694 curus
1859 624 2078 696 unaarum,
2220 603 2223 610 ’

506 845 639 918 utruque
653 829 773 912 littera,
795 831 923 898 diversa
937 831 1106 915 estorigut
1144 800 1177 918 J
1226 827 1299 895 Ple
1333 842 1436 892 ortum
1465 849 1508 894 ex
1545 791 1589 931 Ἰ
1632 783 1694 944 Ίς
1716 847 1828 899 neutra
1858 811 1888 932 J
1918 829 2004 897 But
2026 845 2130 899 ortum

506 989 624 1106 ..9
706 987 766 1119 9.

635 1257 638 1286 ¹
677 1189 847 1270 „Primam
875 1199 908 1250 et
936 1185 1077 1249 nativam
1098 1183 1237 1272 figuram
1260 1203 1332 1248 euru
1350 1205 1441 1263 esse,
1471 1205 1553 1271 quae
1574 1185 1659 1273 epud
1679 1199 1806 1255 veteres
1823 1187 2012 1269 Hebraeos,
2041 1191 2127 1276 apud

592 1349 616 1386 „
626 1303 768 1368 Graecos
797 1303 832 1365 in
859 1299 1019 1385 scripturn
1048 1299 1237 1385 retrogradu
1274 1312 1307 1361 et
1342 1299 1425 1383 apud
1454 1297 1607 1363 Etruscos
1636 1302 1754 1366 usitate
1779 1315 1830 1366 est
1850 1291 1914 1382 1Ἰ,
1945 1305 2010 1368 iam
2034 1323 2131 1389 supro

593 1461 616 1497 „
625 1417 776 1481 diximus.
819 1411 899 1477 lude
921 1425 993 1476 orta
1012 1409 1118 1497 ligura
1138 1413 1172 1474 in
1195 1429 1321 1475 summo
1342 1409 1499 1490 rotunde,
1530 1425 1566 1476 ut
1589 1413 1672 1499 apud
1693 1425 1818 1480 veteres
1836 1413 2017 1496 Romanos,
2046 1415 2133 1502 epod

592 1529 803 1611 „Phoenices
825 1527 898 1611 (no.
915 1525 952 1608 1)
975 1536 1008 1588 et
1027 1527 1061 1587 iu
1084 1535 1291 1588 monumento
1312 1519 1625 1611 Carpentoracteusi.

679 1641 859 1720 „Priorem
879 1635 989 1716 illam,
1023 1637 1081 1701 sed
1109 1657 1205 1722 scapo
1235 1638 1454 1702 sinistrorsnm
1475 1635 1583 1718 flexo,
1620 1635 1740 1703 hubent
1761 1637 1975 1721 Samaritani,
2010 1637 2131 1730 angulo
2160 1625 2172 1650 ⁸

596 1774 764 1840 „superum
785 1753 928 1818 acutiore
950 1747 1134 1833 Palmyreni
1156 1751 1210 1832 (in
1233 1747 1514 1832 oxoniensibus),
1538 1754 1748 1837 posteriorem
1769 1773 1867 1840 scapo
1887 1751 1975 1819 flexo
1990 1747 2132 1820 Blaesus

596 1881 659 1945 „et
680 1866 794 1952 fragm.
816 1862 1019 1928 Teuriueuse
1049 1861 1111 1946 (el.
1134 1859 1274 1946 Palmyr.
1295 1859 1539 1948 Rom),.uude
1563 1877 1669 1930 ortum
1690 1883 1710 1950 η
1734 1883 1765 1930 n.

681 1977 751 2059 „ln
784 1979 941 2062 scripture
977 1973 1222 2040 Sassauidarom
1259 1995 1303 2040 ex
1337 1973 1444 2062 figura
1476 1977 1614 2040 rotunda
1648 1991 1744 2064 eaput
1779 1991 1884 2046 ortum
1912 1993 1962 2044 est
1991 1980 2131 2066 undique

596 2090 789 2172 „cluusnm,
823 2090 919 2176 idque
940 2101 1102 2154 servatum
1123 2090 1155 2152 iu
1177 2085 1294 2152 litteris
1314 2085 1507 2174 Estrnngelo
1528 2102 1561 2153 et
1582 2087 1861 2156 Nestoriunorum.

1264 2225 1295 2301 Ι.
1323 2228 1375 2290 29.

1075 2333 1232 2403 zato
1292 2317 1561 2418 liliero,

510 2459 601 2522 cuius
629 2474 746 2519 nomeu
774 2453 873 2540 (ult)
904 2452 1047 2520 Simonis
1075 2451 1160 2518 bene
1181 2458 1428 2518 instrumentum
1448 2457 1604 2536 (ιιισιιιι,
1626 2451 1774 2541 lunen)
1795 2462 2011 2543 piscator-ieet
2031 2457 2132 2520 inter-

509 2582 652 2658 pretetus
676 2580 744 2645 est,
773 2564 911 2653 ligurum
932 2565 1031 2632 hebet
1052 2565 1148 2632 lrumo
1170 2565 1325 2645 similem,
1356 2587 1441 2632 nucu
1461 2568 1558 2632 modo
1583 2565 1706 2655 duplici
1733 2569 1830 2636 modo
1853 2567 2008 2655 simplici,
2037 2563 2133 2634 mido

509 2683 657 2748 deorsum
692 2681 787 2746 modo
811 2701 939 2746 sursum
964 2677 1069 2747 flexo:

734 2786 1290 3130 orl,
1422 2795 1600 3040 ri
1716 2796 1922 3066 tr

510 3405 585 3471 vide
602 3410 702 3492 prist.
725 3423 813 3468 nom.
834 3399 904 3468 Sid.
925 3401 966 3468 A.
991 3401 1031 3468 B.
1057 3401 1098 3471 1).
1119 3401 1161 3469 U.
1178 3404 1222 3470 V.
1246 3405 1293 3469 X.
1322 3425 1385 3469 rec.
1407 3404 1488 3470 ibid.
1509 3403 1550 3470 'l’-
1574 3403 1629 3470 W.
1660 3415 1737 3472 lert.
1761 3427 1848 3473 num.
1872 3401 1949 3492 Tyr.
1969 3405 2011 3471 D.
2032 3405 2068 3470 F.
2090 3403 2133 3475 N.

511 3519 580 3585 sid.
603 3516 643 3583 G.
666 3517 701 3582 P.
733 3523 842 3602 pueri.
865 3513 944 3600 Tyr.
967 3515 1007 3582 A.
1029 3514 1068 3580 B.
1092 3513 1130 3581 C.
1153 3517 1191 3580 E.
1222 3523 1326 3604 put'nl.
1343 3515 1480 3583 Marsul.
1508 3517 1586 3603 Tyr.
1610 3517 1649 3584 G.
1672 3519 1715 3586 H.
1751 3527 1840 3585 sexi.
1862 3517 2011 3583 Sebmtlr.
2031 3517 2072 3584 A.
2093 3515 2133 3584 B.

511 3629 550 3697 C.
579 3639 662 3718 sepi.
685 3626 750 3694 Cit.
774 3633 827 3708 23,
852 3635 881 3694 1.
912 3635 966 3710 33,
989 3635 1020 3695 3.
1051 3627 1131 3714 Tyr.
1152 3629 1192 3696 L.
1220 3640 1282 3695 uel.
1305 3631 1400 3716 Eryc.
1420 3629 1478 3696 lin.
1500 3639 1531 3697 2.
1561 3651 1637 3698 ιιοιι.
1661 3629 1740 3716 Tyr.
1762 3630 1807 3697 K.
1829 3631 1876 3699 Μ.
1905 3632 1972 3696 dec.
1994 3630 2085 3720 Trip.
2101 3639 2133 3713 2,

513 3751 541 3810 1.
572 3744 687 3810 endec.
710 3741 778 3807 Sid.
800 3741 825 3806 1.
847 3743 887 3808 1..
910 3740 951 3806 ul.
994 3741 1105 3808 Dubia
1127 3744 1251 3808 videtur
1272 3742 1378 3830 figure
1398 3745 1432 3808 in
1454 3743 1524 3813 Sid.
1546 3742 1611 3822 Κ.,
1645 3741 1768 3808 duobus
1791 3747 1882 3810 uncis
1905 3747 2059 3830 prendite.

639 3855 703 3922 Iste
732 3876 809 3920 vero
840 3877 941 3920 uncos
971 3858 1092 3920 sensim
1120 3854 1350 3942 paullatimque
1376 3858 1411 3920 in
1443 3853 1548 3920 solum
1583 3867 1734 3940 punctum
1762 3854 1859 3938 abiit,
1896 3878 1972 3923 rere
2002 3855 2131 3944 duplex,

512 3967 699 4058 plerumque
722 3966 877 4055 simplex:
906 3966 1049 4055 talesque
1072 3967 1196 4056 figurae
1218 3970 1317 4033 etism
1337 3969 1371 4031 io
1394 3965 1499 4033 bonae
1519 3970 1634 4033 uentis
1655 3973 1871 4036 monumentis
1892 3975 2030 4038 usitatae
2042 3983 2133 4037 sunt:

1018 4085 1048 4114 1²
1155 4083 1184 4117 n
1301 4081 1332 4114 U
1438 4081 1468 4116 Η
1560 4080 1590 4114 ¹⁶

1009 4137 1051 4340 l·
1141 4139 1180 4349 i
1291 4129 1334 4380 i·
1430 4147 1463 4328 l·
1532 4171 1598 4308 ί

512 4411 542 4452 v.
567 4386 664 4454 deod.
687 4385 754 4452 Sid.
777 4386 821 4452 Η.
854 4394 933 4454 ieri.
954 4389 1024 4455 dec.
1047 4387 1165 4454 Athen.
1189 4397 1220 4470 1,
1241 4394 1271 4456 1.
1302 4390 1367 4456 Cit.
1389 4399 1421 4470 2,
1444 4397 1474 4456 1.
1497 4397 1551 4472 29,
1575 4399 1605 4456 1.
1635 4399 1742 4478 quart.
1758 4388 1827 4454 dec.
1849 4385 1961 4468 cisa,
1980 4394 2009 4454 1.
2031 4392 2084 4468 30,
2100 4395 2132 4454 2.

514 4509 618 4589 quial.
635 4501 701 4566 dcc.
721 4497 783 4566 cit.
802 4505 832 4579 3,
848 4506 878 4564 2.
907 4512 995 4567 ocul.
1011 4503 1081 4568 dcc.
1104 4501 1167 4568 cit.
1184 4509 1237 4583 20,
1254 4511 1283 4568 1.

642 4672 793 4738 Ceterum
814 4691 874 4756 pru
968 4673 1075 4738 nescio
1098 4695 1146 4737 un
1160 4674 1280 4758 passim
1303 4675 1399 4738 etiam
1413 4669 1477 4738 alio
1492 4671 1605 4738 calami
1620 4672 1717 4737 ductu
1737 4603 1968 4804 pinxerint)
2008 4669 2067 4757 (ci.
2092 4672 2132 4737 ad

517 4823 647 4912 Caph),
677 4826 762 4912 quud
785 4824 880 4890 iniis
903 4829 1008 4891 uumis
1030 4826 1187 4891 eccidisse
1208 4826 1416 4906 crediderim,
1454 4847 1534 4913 quos
1555 4823 1653 4909 Sigae
1674 4821 1759 4888 infru
1786 4822 1967 4890 tribuimus.

644 4937 748 5003 Unice
774 4937 902 5018 littera,
939 4959 1020 5024 quae
1044 4959 1117 5004 cum
1137 4953 1249 5004 nostre
1269 4939 1422 5004 confundi
1443 4937 1561 5025 possit,
1589 4935 1701 5022 coique
1722 4933 1896 4999 nonnullae
1919 4940 1988 5002 eius
2008 4935 2132 5024 figurae

517 5053 563 5116 ita
591 5049 713 5116 similes
742 5065 838 5132 suut,
870 5067 905 5117 ut
933 5049 1041 5139 aliqua
1068 5050 1243 5138 legentium
1271 5053 1429 5117 dissensio
1457 5063 1527 5114 crta
1554 5050 1598 5112 sit
1626 5049 1721 5138 (vide
1749 5048 1789 5112 ad
1817 5070 1931 5114 numos
1958 5047 2132 5115 Sextorum

517 5161 574 5228 lib.
598 5161 663 5241 111,
688 5165 767 5248 16),
802 5177 851 5229 est
880 5164 958 5230 Tura.
1001 5163 1038 5229 ln
1061 5186 1180 5251 genere
1202 5179 1308 5228 autem
1331 5167 1496 5247 utriusque
1519 5161 1690 5226 discrimen
1710 5163 1755 5224 itu
1775 5163 1976 5227 statuendum
2000 5177 2067 5243 est,
2099 5178 2133 5228 ut

518 5297 620 5342 uncus
641 5273 714 5342 'l'eu
733 5276 858 5342 litterae
879 5297 977 5362 saepe
999 5297 1129 5362 scapum
1152 5289 1255 5356 secet,
1279 5275 1367 5338 Zade
1382 5271 1507 5338 litterae
1524 5294 1706 5360 uunquam,
1728 5273 1875 5362 idemque
1891 5278 1925 5340 iu
1941 5273 2013 5340 Tuo
2026 5275 2134 5342 littera

517 5411 644 5478 semper
655 5391 817 5470 deorsum,
834 5411 995 5477 uunquam
1005 5403 1090 5454 certe
1101 5411 1240 5468 sursum,
1253 5387 1408 5452 flectetur.
1430 5383 1677 5454 ctvccabulum
1686 5403 1781 5460 auten
1793 5387 1939 5471 eiurat
1955 5403 1987 5454 et
1997 5390 2134 5474 saepius.
