4922 6300
682 652 799 720 NUMI
820 651 971 721 PUNlCl
992 649 1228 720 HISPANICI.
1279 656 1376 763 Xllb
1397 657 1595 728 MALACA.
1869 674 1943 748 313

320 845 460 910 nominis
489 840 651 920 Mdlaxu,
685 845 864 910 accuratius
896 841 1057 908 Malacha
1084 864 1156 907 cum
1185 842 1289 908 vocali
1310 845 1345 911 Α
1368 848 1402 910 iu
1424 846 1526 913 altera
1546 849 1672 934 syllaba
1695 867 1727 917 et
1747 871 1768 922 a
1792 855 1941 941 raphatot

320 980 417 1046 quum
437 959 526 1029 nebu
550 955 665 1055 (nubta
687 956 798 1054 taphug)
820 976 937 1043 graece
958 967 991 1019 et
1015 952 1115 1019 latine
1138 955 1335 1020 efferendum
1357 973 1442 1024 esset
1463 961 1602 1042 Malao,
1624 964 1762 1030 Malea:
1783 968 1954 1040 Malacha.

319 1083 424 1136 autem
445 1071 487 1135 ad
508 1071 663 1134 amussim
678 1071 830 1153 exprimit
844 1067 958 1154 phoeu·
974 1071 1106 1146 nauhu,
1131 1066 1247 1134 Schwa
1266 1071 1388 1155 primae
1404 1070 1546 1156 syllabae
1563 1079 1595 1138 in
1610 1099 1632 1141 a
1647 1093 1786 1158 mutato,
1809 1103 1850 1145 ex
1866 1099 1943 1148 noto

319 1183 449 1248 Cuuoue
472 1185 515 1270 (v.
530 1181 586 1248 lib.
598 1177 646 1246 lv
663 1203 728 1266 cap.
745 1187 775 1246 4.
793 1179 952 1266 Lehrgeb.
968 1202 996 1266 p.
1006 1164 1078 1264 ¹69).
1099 1177 1214 1244 Altera
1228 1183 1261 1244 in
1278 1183 1415 1267 reipsa:
1431 1183 1669 1268 hlalacaeuim,
1692 1161 1785 1276 quam
1799 1193 1938 1260 officinis

319 1293 548 1382 metallurgicis
571 1293 753 1359 abundasse
776 1315 872 1379 quum
889 1305 1020 1379 propter
1033 1295 1129 1358 situm
1149 1293 1189 1356 ad
1205 1307 1346 1358 moutam
1361 1294 1587 1364 metalliferum
1604 1302 1758 1368 credibile
1773 1319 1841 1384 est,
1872 1322 1938 1374 tum

319 1406 456 1472 Cabirus
470 1419 605 1472 testatur
618 1403 878 1493 (sivaVulcanus
892 1407 961 1469 sive
977 1403 1060 1469 alius
1075 1407 1247 1491 quispiam)
1264 1428 1335 1470 cum
1349 1407 1471 1492 forcipe
1484 1412 1516 1474 in
1533 1415 1602 1478 eius
1617 1419 1722 1480 numia
1740 1421 1941 1504 conspicuos,

319 1535 389 1607 apte
406 1535 532 1606 poterat
544 1522 659 1588 nauhu
675 1517 818 1598 officina
833 1519 959 1597 vocari,
983 1524 1104 1604 regina
1118 1519 1175 1581 vix
1191 1531 1327 1602 poterat,
1351 1541 1446 1604 quum
1461 1520 1541 1588 haec
1557 1524 1633 1590 urbs
1649 1530 1719 1612 ipsa
1736 1526 1838 1595 libera
1855 1535 1938 1596 inter

319 1632 398 1698 alias
428 1633 526 1699 urbes
553 1631 674 1698 liberas
696 1645 729 1696 et
749 1633 926 1696 utaritimas
948 1633 1010 1696 sita
1031 1643 1127 1696 esset.
1172 1627 1322 1694 Ceterum
1351 1629 1436 1698 haud
1458 1637 1526 1700 scio
1548 1658 1588 1701 an
1611 1641 1701 1706 naha
1726 1641 1845 1728 ubique
1866 1667 1938 1728 cum

318 1747 438 1833 forcipe
460 1748 668 1812 coniunctam
690 1751 786 1810 etiam
806 1743 944 1830 legendo
971 1765 1045 1809 curu
1065 1742 1127 1807 hoc
1150 1741 1314 1808 fabrorum
1335 1747 1550 1812 instrumento
1571 1763 1604 1812 et
1625 1750 1815 1818 emblemate
1840 1779 1939 1843 copu-

318 1857 449 1924 landum
479 1861 538 1938 sit,
577 1872 612 1923 ut
646 1856 772 1944 plenius
800 1856 890 1922 urbis
920 1877 1038 1921 uomeu
1067 1856 1167 1920 fucrit
1196 1871 1271 1925 tuan
1304 1859 1395 1926 natu
1428 1859 1594 1944 opificium
1612 1863 1790 1948 sabroe-aar
1813 1869 1940 1950 (Exod.

307 1969 339 2034 .l.
369 1973 437 2056 c.)‚
468 1971 509 2038 al.
532 1971 617 2036 iufra
639 1971 680 2036 ad
703 1991 817 2034 numos
839 1967 969 2034 Vaccae
997 1972 1032 2034 iu
1053 1966 1219 2034 Numidia.

443 2081 569 2150 Nomos
605 2086 676 2148 eius
708 2083 877 2148 ediderunt
910 2079 1096 2168 Velasqueu
1136 2081 1200 2146 tab.
1230 2087 1281 2146 16.
1325 2080 1440 2148 Florae
1473 2084 1539 2150 tab.
1569 2091 1620 2152 57.
1657 2087 1775 2155 Sestiui
1809 2093 1873 2158 tab.
1905 2101 1936 2160 3.

319 2195 525 2282 Barthblemy
546 2195 638 2262 lettre
660 2197 681 2260 a
703 2193 841 2260 Olivieri
863 2195 927 2260 tab.
951 2203 982 2259 4.
1003 2193 1169 2259 Mueuter
1194 2191 1264 2256 ltu.
1288 2195 1318 2260 d.
1342 2193 1521 2284 Cartbager
1543 2197 1607 2264 tab.
1631 2208 1661 2266 2.
1699 2201 1849 2270 Mionnet
1873 2206 1938 2272 VII

319 2309 381 2375 tab.
399 2315 453 2376 30.
489 2309 529 2375 cl.
549 2308 716 2395 Lindberg
737 2332 768 2394 p.
793 2315 844 2372 21.
1821 2281 1830 2294 ’

491 2420 601 2508 Typus
620 2437 686 2487 est:

450 2535 558 2621 Caput
582 2534 700 2612 Cadius·
720 2533 902 2620 (Vulcani)
928 2531 1097 2597 barbatum
1120 2542 1154 2599 et
1170 2537 1263 2622 pileo
1294 2543 1415 2601 lectum
1445 2538 1490 2602 ad
1510 2539 1541 2603 d.
1565 2537 1630 2623 (al.
1654 2542 1700 2606 ad
1718 2545 1819 2628 eda.)‚
1855 2569 1939 2632 pone

309 2647 451 2734 forceps
478 2662 510 2711 et
532 2649 698 2732 inscriptio
721 2650 830 2728 naba,
863 2668 944 2732 quae
967 2650 1000 2710 iu
1026 2645 1099 2712 aliis
1121 2645 1277 2732 exemphs
1298 2664 1373 2713 aute
1391 2649 1506 2714 laciem
1529 2664 1587 2716 est.
1610 2653 1636 2735 )(
1660 2653 1768 2738 Capul
1784 2659 1941 2725 muliebre

320 2761 489 2826 adversum
510 2760 696 2840 radiatum,
726 2763 761 2825 iu
783 2757 855 2824 aliis
878 2760 975 2824 stella
996 2767 1068 2823 octo
1090 2759 1274 2839 radiorum,
1304 2763 1338 2824 iu
1365 2760 1438 2826 aliis
1461 2766 1611 2848 templum
1631 2770 1847 2853 retractatam.
1868 2769 1939 2838 ΑΕ.

445 2870 635 2958 Exemplum
657 2871 716 2938 litt.
739 2871 779 2938 A.
800 2873 887 2937 dedit
909 2870 1055 2954 Bayarus
1083 2871 1148 2936 tab.
1170 2880 1203 2952 4,
1232 2893 1285 2938 no.
1315 2878 1355 2938 17
1388 2874 1428 2938 cl.
1459 2873 1641 2963 Velasqueu
1669 2877 1733 2943 tab.
1757 2887 1884 2962 17,·ιιο.
1905 2895 1937 2950 4.

320 2984 520 3073 Epigraphas
550 2984 588 3050 B.
614 2983 650 3050 C.
679 2985 724 3050 D.
748 2985 775 3049 E
796 3007 816 3049 a
837 2983 1037 3070 Lindbergio
1059 2986 1266 3071 repetivimus
1299 2985 1363 3050 tab.
1385 2983 1444 3066 lv,
1479 2993 1527 3052 19.
1552 2993 1603 3054 20.
1635 2997 1686 3056 21.
1718 3001 1777 3074 22,
1814 2995 1866 3059 hic
1896 3019 1938 3062 ex

319 3096 474 3185 exemplis
496 3097 758 3177 Hauniensibus,
788 3097 824 3162 F.
846 3097 884 3162 G.
908 3097 941 3161 H
964 3118 982 3161 a
1004 3093 1221 3184 Velasquezio
1243 3095 1264 3161 l.
1286 3121 1312 3163 c.
1341 3121 1394 3164 uo.
1418 3105 1448 3166 5.
1472 3105 1503 3166 6.
1526 3107 1565 3182 7,
1603 3125 1684 3190 quae
1705 3108 1810 3171 minus
1832 3123 1938 3174 certae

318 3210 392 3276 fidoi
416 3223 500 3277 sunt.
1632 3223 1633 3228 ’

445 3323 484 3388 lu
514 3345 580 3389 uno
611 3323 759 3411 exemplo
788 3323 818 3390 D
849 3344 905 3408 pro
941 3322 1010 3386 Tau
1041 3342 1113 3385 esse
1143 3321 1266 3387 videtur
1294 3321 1368 3404 He,
1399 3329 1506 3414 itaque
1528 3330 1618 3399 naba
1641 3331 1743 3415 ipsum
1767 3331 1936 3412 Malacha,

321 3459 377 3523 pro
399 3440 508 3516 naba,
544 3461 625 3526 quae
646 3440 805 3524 posterior
826 3437 930 3502 forma
950 3437 983 3498 in
1008 3433 1194 3499 Phoeniciis
1218 3437 1365 3502 usitatior
1387 3455 1447 3504 est.

978 3673 1280 3690 μ

799 3886 1047 3956 CAPUT
1097 3885 1524 3963 uolutatu-

615 4059 818 4137 NUMI
869 4057 1162 4135 PUNlCl
1214 4056 1641 4135 AFRICANI.

452 4279 559 4358 Quum
595 4281 694 4364 ipsius
734 4275 942 4364 Carthaginis
979 4278 1047 4340 sive
1084 4273 1205 4340 liberae
1234 4277 1302 4338 sive
1333 4271 1496 4339 Romanae
1527 4281 1614 4342 numi
1647 4279 1766 4346 Punice
1797 4285 1941 4370 inscripti

325 4417 388 4461 uon
427 4407 554 4464 exstent
588 4393 622 4476 ')
641 4437 652 4468 ,‚
698 4405 809 4454 contra
848 4387 1016 4476 probabile
1060 4391 1119 4467 sit,
1168 4384 1439 4473 Carthaginenses
1479 4387 1599 4455 liberos
1642 4410 1772 4459 moneta
1816 4398 1942 4482 signata

324 4532 399 4574 usos
436 4529 499 4572 non
537 4526 609 4570 esse
645 4505 696 4588 (v.
733 4501 868 4568 Echhel.
902 4501 946 4567 D.
974 4497 1015 4565 N.
1055 4499 1104 4564 IV
1141 4522 1222 4586 pag.·
1255 4501 1350 4584 137);
1404 4504 1527 4580 cuncti,
1571 4508 1625 4590 qui
1660 4521 1806 4585 exstant,
1851 4512 1940 4572 numi

324 4621 469 4686 Africani
515 4617 634 4682 Punice
677 4617 827 4701 inscripti
868 4612 921 4676 vel
964 4616 1046 4700 regii
1088 4626 1164 4678 suut
1207 4635 1226 4676 a
1271 4611 1444 4678 Numidiae
1485 4614 1616 4702 regibus
1660 4615 1741 4680 Iuba
1782 4617 1798 4680 1
1839 4634 1872 4682 et
1911 4618 1941 4683 11

323 4737 459 4821 signati,
499 4727 551 4794 rel
579 4731 743 4794 autonomi
771 4727 897 4792 urbium
926 4729 959 4790 in
988 4725 1142 4790 honorem
1172 4723 1391 4811 Augustorum
1421 4729 1499 4790 cusi.
1543 4728 1579 4792 lu
1604 4732 1747 4816 utrisque
1769 4747 1808 4792 ea
1828 4697 1938 4816 depre-

330 4883 777 4902 ω

374 4989 398 5056 1)
424 4988 499 5041 Licet
524 4988 594 5041 enim
621 4986 717 5037 nw'tlt
741 4983 810 5056 unp
837 4983 926 5051 (urbs
951 4983 1040 5045 nora>
1066 4981 1094 5032 iu
1162 4999 1229 5038 v.c.
1249 4983 1323 5034 urrrni
1340 4983 1444 5052 Pegaso
1463 4981 1580 5055 insigues
1601 4982 1746 5052 (p.294)‚
1775 4987 1807 5038 ud
1825 4984 1936 5040 carrha.

322 5085 459 5138 aonuullis
479 5084 566 5138 nrrmic
586 5085 690 5157 legatur
706 5091 733 5136 et
748 5098 798 5150 pro
815 5083 971 5145 Carthaginis
986 5076 1095 5130 nornine
1163 5077 1252 5148 giuam
1266 5079 1348 5130 reluta
1363 5087 1442 5142 suut,
1460 5079 1487 5131 id
1507 5081 1592 5132 falsae
1610 5080 1811 5152 epigraphsrum
1828 5084 1936 5137 lectioni

320 5181 433 5250 proprio
456 5181 549 5234 haberi
574 5180 657 5250 possit
686 5181 733 5243 (r.
759 5195 786 5246 p.
813 5175 896 5244 289):
931 5178 981 5228 hos
1006 5182 1095 5226 tamen
1162 5173 1331 5226 tribuendum
1355 5183 1404 5234 est.
1432 5203 1466 5216 -
1506 5175 1675 5248 Carthaginis
1702 5181 1835 5233 Romanae
1861 5182 1935 5237 numi

321 5293 419 5332 numos
443 5295 497 5332 uou
524 5275 702 5354 Carthagine,
726 5277 774 5329 sed
795 5271 919 5328 Panormi
940 5287 1018 5325 cusos
1036 5287 1095 5325 ease
1164 5274 1240 5323 latine
1269 5269 1392 5339 inscripti
1425 5274 1515 5340 plures
1546 5281 1672 5342 exstuat,
1708 5291 1822 5346 atrorum
1855 5295 1935 5330 uuum

320 5383 436 5429 constat.
460 5376 539 5446 Quod
554 5389 622 5432 vero
635 5372 686 5426 aha
701 5373 831 5441 quaedam
842 5385 983 5424 numerum
997 5384 1096 5440 gauere
1165 5367 1285 5422 dedimus
1303 5369 1355 5422 tab.
1376 5369 1416 5426 16.

1515 5466 1619 5537 40'
