4922 6300
512 639 591 714 ιιι
674 629 809 700 clean
831 628 1034 696 suerrus.
1075 627 1136 694 ue
1159 625 1301 693 sums
1324 623 1591 692 ruoanrcus,
1610 608 1776 692 ‘carus
1796 621 1985 690 nuruum.

515 821 642 891 Eclrirel
662 820 727 900 lll,
750 818 850 902 382),
888 829 921 880 et
950 815 1002 880 his
1031 814 1168 880 testibus
1198 813 1239 880 alr
1262 835 1348 879 auno
1378 819 1440 880 132
1461 837 1490 880 u.
1513 811 1592 882 Chr.
1617 835 1649 880 n.
1668 813 1708 878 ad
1729 833 1849 878 annum
1873 817 1986 898 trtp.
2008 808 2086 880 Chr.
2108 835 2141 882 ιι.

515 938 635 1025 signati
671 947 760 999 sunt:
797 931 994 1017 antiquiores
1025 931 1189 1014 argentei,
1229 925 1344 1014 reliqui
1381 930 1485 992 aenei.
1540 927 1677 992 Exstant
1714 939 1883 1014 praeterea
1915 923 2140 990 tetradrachnri

419 1033 425 1044 ¹
515 1049 689 1134 Tyriorum
718 1043 759 1109 ab
789 1064 875 1108 auno
899 1049 961 1106 122
990 1063 1019 1106 a.
1042 1037 1121 1105 Chr.
1146 1063 1180 1105 o.
1212 1039 1254 1105 ad
1277 1062 1396 1105 anunm
1421 1045 1463 1108 56
1491 1063 1523 1128 p.
1550 1037 1629 1105 Chr.
1655 1064 1687 1105 n.
1711 1041 1832 1108 cuai.et
1853 1035 2006 1103 solitariis
2025 1036 2142 1104 litteris

517 1161 700 1228 Phoeniciis
732 1157 896 1240 inscripti,
934 1176 1014 1241 quos
1048 1157 1222 1233 mittimus,
1260 1174 1356 1239 quum
1386 1152 1462 1218 illae
1495 1151 1621 1218 litterae
1651 1174 1756 1240 neque
1787 1149 1935 1218 insolitas
1963 1149 2142 1216 litterarum

515 1273 637 1362 figuras
659 1271 812 1346 offerant,
842 1289 965 1354 neque,
995 1267 1070 1352 quid
1093 1263 1297 1352 significent,
1333 1266 1428 1332 nobis
1450 1279 1585 1332 conant.

643 1397 821 1464 Numerum
843 1399 1005 1484 regiorum
1028 1409 1122 1482 typus
1142 1393 1196 1458 hic
1217 1409 1283 1458 eat:

520 1515 628 1602 Cupsi
649 1513 757 1598 Regis
779 1510 1018 1588 dr'udessutsss,
1040 1507 1203 1574 interdusr
1225 1512 1326 1570 etr'oss
1347 1507 1514 1572 radiatum
1536 1505 1583 1572 od
1602 1505 1768 1572 dextros.
1800 1503 1828 1592 )(
1856 1505 2023 1586 lidressr'r,
2046 1527 2145 1593 sopra
2273 1541 2278 1546 -

517 1645 550 1694 et
571 1627 672 1692 infra:
700 1623 938 1689 ΒΛΣΙΛΕΩΣ
947 1619 1191 1686 ΑΝΤΙΟΧΟΥ
1211 1617 1284 1704 (vel
1297 1619 1596 1704 AHMHTPIOY)
1622 1619 1796 1685 ΤΥΡΙΩΝ.
1840 1617 2008 1684 Annorum
2033 1640 2144 1683 nume·

517 1763 573 1808 rus
601 1737 719 1804 litteris
747 1738 873 1822 graccis
903 1737 1051 1820 scriptus.
1100 1731 1185 1797 Tres
1212 1729 1338 1796 litterae
1367 1731 1563 1798 Phoenicius
1593 1731 1684 1810 aab,
1719 1733 1753 1796 in
1787 1730 1940 1797 Antiochi
1962 1729 2010 1795 IV
2040 1734 2144 1796 onmis

519 1853 645 1940 plenius
668 1867 750 1920 aare
772 1866 815 1936 att
840 1849 922 1924 sab.

646 1991 902 2056 Autonomorum
923 1985 996 2050 hic:

525 2109 632 2193 Crepsi
653 2104 812 2170 Herculis
842 2105 1028 2167 laurentem
1057 2097 1200 2164 colmie
1221 2097 1267 2162 od
1288 2097 1442 2162 dextruas
1470 2093 1523 2160 rel
1548 2096 1656 2182 Captet
1687 2094 1843 2162 ssslielre
1873 2097 2015 2162 celatas
2043 2101 2145 2161 turri·

447 2291 453 2316 ¹
521 2232 587 2286 rus
609 2215 751 2302 i(urlrem
777 2213 1065 2302 repraesentans),
1102 2211 1239 2278 subinde
1271 2210 1399 2274 additur
1422 2209 1556 2294 polstoe
1584 2231 1702 2274 rnsrss.
1735 2207 1764 2294 )(
1800 2209 1938 2275 Polsroe
1966 2207 2065 2274 orior
2094 2207 2145 2273 rel

521 2336 667 2399 triresss'r
689 2325 740 2390 vel
754 2328 849 2393 cleon
864 2334 957 2392 sistro
974 2347 1124 2406 correers
1140 2343 1294 2412 psersuss
1315 2320 1367 2386 vel
1380 2321 1503 2408 ,figura
1518 2299 1687 2390 muliebris
1705 2327 1787 2386 soni
1801 2327 1966 2388 s'rsrirterss.
1998 2322 2146 2387 ΤΥΡΟΥ

521 2441 657 2510 rem
675 2443 763 2506 ΚΑΙ
781 2441 990 2520 ΑΣΥΛΟΥ,
1020 2451 1133 2525 postea
1155 2439 1197 2522 (a
1218 2458 1281 2524 quo
1304 2457 1388 2500 enno
1411 2434 1594 2518 dubitatur)
1626 2435 1775 2500 TYPOY
1792 2434 2148 2501 ΜΗΊῬΟΠΟΛΕΩΣ

522 2555 573 2622 vei
598 2555 744 2621 TYPOY
763 2551 1123 2618 ΜΗΊῬΟΠΟΛΕΩΣ
1142 2551 1287 2616 ΙΕΡΑΣ.
1329 2545 1366 2612 ln
1388 2568 1466 2612 area
1487 2569 1646 2614 annorum
1669 2569 1821 2612 numerus
1844 2559 1876 2610 et
1896 2545 2023 2612 litterae
2043 2547 2146 2610 Phoe-

521 2673 626 2738 niciae
648 2670 730 2738 aab.
775 2663 863 2730 Vide
890 2663 1036 2730 Sminton
1063 2666 1097 2728 in
1120 2662 1241 2728 Philus.
1264 2659 1494 2727 'l'ransactions
1515 2658 1596 2726 le
1618 2659 1683 2727 tab.
1707 2667 1759 2726 11.
1802 2657 1943 2725 Pellerin
1965 2655 2097 2724 licendi
2113 2657 2146 2724 11

521 2783 586 2850 tab.
608 2787 660 2848 83.
694 2779 824 2845 Houter
844 2800 876 2865 p.
898 2783 969 2844 343.
984 2783 1059 2844 344.
1095 2775 1244 2841 Miouuet
1266 2771 1307 2842 Τ.
1323 2771 1367 2838 V.
1388 2793 1419 2860 p.
1436 2777 1500 2838 409
1522 2793 1604 2859 sqq.·
1625 2773 1794 2860 Liudberg
1813 2771 1853 2837 de
1875 2773 2018 2860 inscript.
2040 2769 2144 2838 Melit.
2207 2775 2210 2780 '

521 2921 552 2986 p.
573 2901 624 2963 31.
648 2900 702 2960 32.

650 3031 820 3118 Inscriptio
843 3028 1019 3094 Phoenicia
1039 3028 1133 3094 nubis
1153 3025 1387 3094 consideranda
1408 3021 1529 3114 duplex
1552 3039 1618 3093 est:

696 3183 726 3240 1.
771 3137 856 3241 ’125
890 3132 1025 3268 (Ἓξ)
1059 3172 1156 3257 Tyri,
1193 3193 1265 3238 caru
1295 3170 1418 3236 Lamed
1440 3171 1599 3250 ancoris,
1639 3181 1675 3234 ut
1695 3169 1729 3234 in
1752 3169 1853 3240 ueras
1884 3164 2092 3236 Smmrms
2112 3173 2146 3236 iu

525 3313 611 3360 uum.
634 3288 725 3368 Sid.,
747 3287 880 3356 sensti
901 3284 1093 3351 Laodiceae
1113 3286 1146 3350 ia
1169 3306 1257 3350 num.
1278 3283 1399 3364 Lana,
1421 3299 1508 3354 nanu
1534 3285 1594 3354 orb
1611 3284 1732 3370 popsls‘
1750 3284 1985 3348 Pcscrsrs'tass'
2001 3285 2036 3348 in
2059 3301 2145 3348 num.

523 3405 674 3472 Panemo.
697 3399 739 3467 al.
780 3399 920 3485 Figurae
942 3396 1121 3462 litterarum
1144 3399 1234 3462 vario
1256 3396 1352 3461 modo
1374 3395 1518 3483 sculptae
1539 3409 1624 3474 sunt,
1647 3399 1693 3460 ita
1714 3396 1860 3481 quidem,
1882 3409 1917 3460 ut
1937 3397 1972 3460 in
1987 3397 2147 3482 antiquio·

524 3519 616 3586 ribus
637 3516 744 3580 nemis
766 3513 983 3577 accuratiores
1003 3513 1085 3592 aiut,
1117 3497 1219 3576 multo
1241 3506 1493 3596 negligentiores
1514 3523 1547 3574 et
1568 3510 1660 3596 quasi
1678 3509 1854 3594 degeneres
1868 3509 1902 3572 in
1916 3506 2149 3574 recentioribus

524 3631 742 3698 &manorum
772 3635 876 3688 aetate
906 3627 1012 3704 cusis,
1052 3645 1147 3710 quarn
1178 3644 1247 3702 reru
1277 3621 1358 3687 bene
1387 3624 1421 3686 in
1451 3635 1622 3706 conspectu
1652 3624 1758 3704 posuit
1778 3619 1927 3706 Koppius
1950 3618 2060 3706 (Bild.
2081 3619 2147 3686 und

524 3743 618 3810 Schr.
647 3739 694 3820 ll,
722 3761 754 3826 p.
778 3736 881 3822 212),
911 3739 1002 3802 cuius
1033 3750 1139 3801 tamen
1163 3734 1287 3822 figurae
1311 3737 1397 3800 iustu
1417 3735 1598 3820 grossiores
1628 3745 1713 3796 suut.
1757 3729 1827 3798 Noa
1848 3715 1995 3800 dedimus
2023 3730 2086 3796 litt.
2105 3729 2146 3796 A.

525 3876 656 3922 numum
679 3854 803 3938 regium
825 3849 984 3932 Demetrii
1005 3847 1021 3914 l
1048 3851 1126 3914 anni
1145 3846 1207 3924 ΞΡ
1236 3851 1258 3914 i.
1280 3870 1309 3912 e.
1333 3852 1395 3912 160
1417 3847 1665 3934 computationis
1687 3843 1948 3924 Seleucidaruns,
1977 3843 2038 3911 litt.
2058 3843 2098 3914 Β.
2122 3844 2147 3910 G

525 3971 606 4036 duos
627 3981 816 4032 autonomos
837 3965 907 4026 aine
929 3983 1035 4042 anno,
1053 3963 1229 4028 secuudum
1245 3959 1420 4029 Swintonia
1441 3957 1589 4044 exempla
1610 3960 1643 4022 in
1658 3956 1781 4024 Philus.
1801 3955 2035 4024 ‘l'musactions
2054 3955 2147 4036 LIV,

526 4080 588 4146 tab.
612 4086 649 4144 11
672 4077 734 4159 (b)
756 4098 789 4161 p.
810 4080 861 4140 99.
907 4071 999 4150 Quae
1021 4089 1197 4161 sequuntur
1219 4070 1412 4159 epigraphen
1433 4093 1454 4136 a
1474 4069 1643 4136 Miconeto
1665 4070 1751 4156 (tab.
1767 4075 1820 4136 23.
1837 4073 1898 4156 24)
1920 4073 2037 4158 petitae
2058 4084 2146 4138 sunt.

527 4191 621 4258 Duae
642 4193 766 4276 priores
779 4209 820 4252 ex
835 4189 941 4252 numia
955 4189 1067 4272 regiis,
1081 4185 1144 4252 litt.
1160 4184 1193 4250 Ι)
1209 4205 1252 4250 ex
1267 4205 1365 4250 numo
1377 4176 1537 4248 Demetrii
1550 4181 1566 4248 l
1584 4205 1740 4248 annornm
1757 4188 1830 4249 154.
1846 4189 1918 4264 157,
1941 4182 2100 4250 Demetrii
2114 4182 2148 4250 ll

527 4324 683 4370 annorum
708 4305 884 4377 168169,
919 4297 1097 4364 Alexandri
1119 4297 1182 4363 Vll
1211 4318 1368 4362 annorum
1398 4301 1573 4371 178.179;
1608 4293 1669 4361 litt.
1693 4295 1722 4360 E
1750 4317 1793 4362 ex
1822 4317 1920 4362 numo
1951 4295 2150 4362 Demetriil

526 4439 601 4482 anu.
620 4419 690 4480 158.
708 4419 780 4479 159.
822 4411 978 4499 Reliquae
999 4426 1075 4478 suot
1089 4433 1131 4476 ex
1146 4413 1346 4488 autonomis,
1370 4408 1432 4474 litt.
1446 4407 1473 4472 F
1491 4411 1568 4474 suni
1582 4405 1769 4492 αὐτονομίας
1782 4416 1824 4474 24
1838 4413 1863 4476 i.
1879 4431 1908 4474 e.
1926 4415 1987 4474 102
2001 4431 2030 4474 e.
2048 4405 2149 4488 Cirr.;

527 4528 587 4595 litt.
613 4525 643 4592 G
670 4528 746 4592 anni
770 4533 824 4590 121
860 4529 881 4590 i.
906 4547 935 4588 e.
958 4531 977 4590 5
1000 4539 1074 4590 aute
1096 4523 1189 4599 Chr.;
1224 4521 1286 4594 litt.
1307 4521 1342 4587 H
1372 4524 1475 4609 (quae
1503 4523 1559 4586 vix
1587 4536 1675 4586 recte
1707 4521 1867 4588 delineata
1888 4521 1958 4608 est)
1987 4523 2065 4586 anni
2088 4525 2149 4586 123

527 4646 549 4708 i.
574 4665 604 4708 e.
628 4646 648 4706 3
670 4655 744 4704 ante
767 4636 864 4716 Clrr.;
898 4637 958 4704 litt.
979 4637 996 4702 l
1016 4640 1094 4702 anui
1118 4643 1177 4702 148
1198 4634 1222 4702 i.
1244 4657 1273 4700 e.
1294 4641 1336 4700 22
1357 4658 1390 4723 p.
1412 4632 1508 4711 Clrr.;
1545 4633 1605 4700 litt.
1634 4633 1667 4699 K
1692 4656 1849 4700 annorum
1879 4640 1949 4700 179.
1974 4640 2047 4702 188.
2070 4639 2146 4700 200.

528 4761 608 4830 203;
643 4752 705 4819 litt.
735 4751 765 4818 L
791 4772 949 4818 annorum
978 4755 1051 4816 207.
1079 4755 1153 4816 209.
1183 4755 1257 4817 212.
1284 4754 1357 4814 219.
1384 4753 1457 4814 234.
1482 4753 1554 4815 238.
1583 4755 1658 4813 244.
1686 4753 1760 4814 256.
1791 4753 1863 4814 279.
1892 4753 1973 4830 2815
2017 4745 2079 4814 litt.
2111 4743 2147 4811 M

529 4870 607 4932 anni
627 4873 701 4934 238.

700 5015 732 5075 2.
779 4997 886 5070 nm
915 4994 973 5068 titt
1005 4969 1088 5074 'ixl
1115 5008 1191 5073 io.
1215 5007 1456 5100 6112515125,
1484 5002 1581 5088 TW,
1609 5011 1726 5070 nulrit
1746 5000 1972 5082 Ss'doss‘orsss,
1993 5004 2028 5068 in
2051 5023 2147 5068 numo

529 5119 683 5188 Antiochi
703 5120 765 5201 lv,
793 5142 825 5188 v.
847 5121 988 5188 Pelleriu
1009 5119 1143 5188 liecueil
1160 5119 1204 5201 ll,
1227 5119 1294 5186 tab.
1312 5123 1365 5184 83.
1386 5117 1563 5184 Μέιιιοίιει
1583 5118 1623 5183 de
1643 5116 1759 5182 l'ecad.
1781 5117 1889 5203 XXX
1910 5141 1944 5208 p.
1964 5123 2040 5198 427,
2063 5116 2149 5182 uude

530 5246 642 5300 nostra
670 5231 843 5300 delineatio
871 5234 933 5300 litt.
952 5233 983 5301 N
1005 5237 1104 5321 petita
1124 5248 1183 5300 est.
1228 5231 1436 5322 [Mionnetus
1458 5227 1523 5294 tab.
1546 5235 1587 5294 23
1615 5250 1669 5294 no.
1692 5233 1713 5293 3
1742 5231 1871 5298 inverso
1901 5233 2014 5300 urdine
2043 5231 2148 5316 pinxit

531 5351 599 5418 nai
622 5361 703 5416 aar&
725 5345 805 5434 att]-
849 5337 900 5414 De
921 5347 1099 5414 litterarum
1122 5345 1248 5434 figura,
1285 5363 1366 5430 quoe
1393 5341 1612 5428 legitimaam
1640 5355 1673 5407 et
1694 5339 1854 5430 vulgaris,
1888 5343 1972 5412 nihil
2002 5342 2147 5414 minst-
