4922 6300
312 469 329 506 Q

381 622 723 692 PSEUDOPHOEN.
740 621 801 692 ΕΤ
816 577 938 694 saliit
957 625 1149 694 Lxxvln.
1165 627 1331 698 uxxlx.
1350 628 1508 698 CYllEN.
1521 629 1583 697 ΕΤ
1597 631 1867 703 A'l'LAN'l'lCA.
1910 641 1986 718 259

356 816 430 904 ipse
445 812 546 881 multo
564 813 792 884 laboreeraait
808 835 879 880 curu
893 828 1043 902 quattuor
1057 815 1156 898 filiis,
1179 815 1310 897 Cresco,
1334 815 1456 884 Cadmo
1471 841 1543 884 cunr
1557 819 1717 888 Eleuside
1732 821 1812 904 lilio,
1836 822 1984 913 Pelasgo,

356 925 461 1009 lano,
501 931 555 1014 qni
586 925 732 1008 Cretam,
768 925 919 1006 Thebas,
955 927 1158 1010 Eleusidam,
1196 929 1368 997 Arcadiam
1398 946 1460 998 cet.
1499 937 1658 1013 condunt,
1692 935 1804 1023 ibique'
1834 941 1986 1022 mysteria

356 1044 536 1106 instituunt.
585 1041 716 1106 Primus
743 1053 851 1106 autern
881 1038 1056 1107 Atlantidis
1086 1065 1145 1108 rex
1174 1043 1236 1108 luit
1263 1042 1357 1108 Atlas
1387 1043 1420 1124 Ι,
1458 1043 1613 1130 Neptuni
1631 1047 1733 1126 filius
1769 1039 1819 1132 [r.
1849 1055 1983 1144 supraJ,

356 1155 573 1220 astronomiae
605 1156 839 1240 peritissimus,
876 1158 930 1242 qni
959 1159 993 1220 in
1025 1167 1132 1220 monta
1160 1157 1345 1241 cognomini
1369 1155 1480 1222 stellas
1502 1157 1628 1224 solebat
1651 1161 1846 1226 observare:
1880 1185 1900 1226 a
1923 1185 1985 1250 quo

358 1267 400 1332 ad
425 1264 574 1353 Ogygem
590 1265 652 1344 ΙΙΙ,
676 1265 822 1332 ultimant
841 1287 962 1353 regem,
986 1265 1184 1332 effluxerunt
1206 1270 1283 1356 apul
1306 1271 1418 1334 novies
1441 1268 1529 1333 mille
1552 1287 1583 1336 et
1606 1293 1740 1352 novem,
1771 1295 1850 1359 quos
1874 1275 1984 1342 decem

356 1401 468 1466 regum
490 1381 660 1464 imperium
684 1377 835 1466 explerit.
879 1379 923 1444 lli
945 1392 1071 1466 praeter
1093 1377 1256 1444 Atlantem
1278 1395 1353 1446 sunt
1378 1381 1524 1447 Gadirus
1544 1382 1575 1463 1,
1611 1385 1741 1472 Ogygos
1762 1384 1795 1465 Ι,
1825 1386 1983 1468 Hoerner,

357 1489 493 1556 Dehler
514 1535 538 1570 ,‚
547 1492 569 1556 i.
586 1512 614 1555 e.
632 1512 730 1578 eques
746 1514 765 1556 a
780 1491 862 1558 deti
883 1495 938 1578 (in
955 1491 1066 1578 lingua
1078 1489 1266 1580 Melitensi)
1288 1501 1428 1580 equus“,
1455 1495 1615 1569 Oidanes,
1635 1499 1689 1582 qui
1701 1519 1817 1584 magna
1831 1504 1984 1583 mysteria

356 1606 591 1670 cornuruniouis
605 1603 763 1670 honorum
777 1607 934 1684 instituit,
957 1607 1054 1690 piscis
1069 1607 1205 1672 sormam
1220 1609 1336 1671 vestitu
1351 1609 1511 1686 imitatus,
1534 1611 1658 1694 quoties
1674 1608 1851 1676 celebraret
1867 1629 1984 1698 myste-

357 1719 416 1796 ria,
443 1718 575 1804 Ogygos
587 1716 628 1795 ΙΙ,
653 1717 801 1782 ondam
815 1715 858 1797 ΙΙ,
885 1715 1011 1782 Lahcas
1033 1722 1056 1784 i.
1070 1741 1099 1783 a.
1121 1741 1196 1784 caro
1220 1718 1310 1803 (scil.
1333 1717 1444 1805 lingua
1462 1718 1656 1804 Melitensi),
1690 1725 1744 1808 qui
1765 1723 1885 1789 abolito
1908 1748 1984 1794 cou-

357 1831 455 1896 uubio
474 1833 730 1894 communionem
745 1829 914 1896 mulierum
930 1828 1088 1916 publicam
1108 1831 1204 1912 fecit,
1227 1831 1340 1896 ultimo
1357 1829 1430 1896 loco
1447 1833 1577 1920 Ogygos
1592 1831 1650 1896 ΙΙΙ.
1691 1834 1822 1902 Praeter
1835 1858 1902 1916 eos,
1927 1843 1983 1926 qui

357 1965 428 2008 curn
444 1940 558 2029 Ogyge
574 1940 730 2008 diluvium
746 1942 938 2028 effugerunt,
956 1946 1048 2027 pauci
1062 1943 1217 2010 Atlantici
1233 1965 1303 2008 curu
1318 1957 1467 2030 quattuor
1483 1943 1830 2032 regulisperveuerunt
1842 1952 1875 2014 in
1893 1971 1983 2017 oraru

357 2055 530 2140 Libycam,
553 2077 633 2142 quaa
655 2055 736 2120 Tres
748 2057 915 2120 colunnae
931 2054 1089 2122 Herculis
1110 2072 1259 2137 vocamr,
1277 2057 1334 2122 ubi
1352 2055 1453 2124 Atlas·
1467 2055 1499 2122 ΙΙ
1518 2055 1639 2122 abillis
1657 2059 1723 2122 dux
1738 2075 1864 2126 creatus
1879 2077 1935 2127 ast
1958 2071 1980 2106 ‘⁴

483 2166 631 2232 Festinus
661 2171 740 2233 istas
770 2189 871 2254 ungas
908 2189 951 2232 ex
990 2167 1134 2234 Platonis
1170 2172 1209 2235 de
1248 2167 1413 2235 Atlantide
1449 2168 1562 2235 labala
1595 2168 1728 2236 haustas
1763 2183 1795 2234 et
1823 2172 1983 2241 *adhibitis
2080 2203 2083 2209 ·

357 2279 518 2346 similibus
550 2277 684 2358 Bennoi,
720 2279 865 2348 Philonis
896 2281 1003 2365 Byblii
1034 2280 1076 2350 al.
1107 2285 1296 2348 commentis
1331 2284 1569 2347 consarcinatae
1596 2303 1668 2348 esse
1701 2303 1741 2347 eo
1763 2283 1919 2365 consilio,
1950 2303 1985 2354 ut

356 2392 403 2458 ill.
425 2391 624 2458 Marchiouls
645 2393 686 2458 tle
709 2391 832 2460 dilutio
855 2392 1002 2484 Ogygico
1024 2409 1057 2459 et
1080 2395 1119 2460 de
1142 2395 1298 2460 bonorum
1317 2392 1549 2482 mulierumque
1567 2397 1809 2476 communione,
1834 2413 1983 2466 aeternae

356 2505 522 2572 felicitatis
550 2504 658 2584 fonte,
697 2507 861 2572 doctrinae
902 2529 986 2572 novo
1024 2507 1160 2593 quodam
1198 2509 1395 2594 antiquitatis
1429 2509 1614 2572 testimonio
1648 2506 1916 2575 confirmarentur
1951 2527 1983 2578 et

357 2617 611 2696 illustrarentur,
643 2621 714 2704 quis
736 2632 803 2698 est,
838 2622 914 2706 quin
937 2618 1031 2684 nohis
1054 2621 1152 2684 etiarn
1174 2641 1238 2684 nou
1261 2617 1466 2684 monentibus
1490 2619 1674 2703 pervidenti
1704 2617 1818 2705 Neque
1838 2623 1982 2707 prolecto

357 2753 416 2798 uos
436 2731 488 2798 bis
511 2733 641 2818 ineptiis
662 2733 861 2818 exponendis
883 2746 1005 2798 tanturn
1027 2733 1126 2818 spatii
1147 2734 1266 2819 otiique
1287 2732 1569 2809 insumsisseurus‚
1598 2733 1662 2796 nisi
1683 2751 1726 2796 ex
1747 2730 1813 2797 illis
1828 2735 1983 2818 penderet

356 2845 509 2910 iudicium
542 2846 582 2910 de
611 2842 791 2928 Cyrenaico
822 2848 920 2910 ctiam
949 2843 1040 2909 titulo
1063 2843 1263 2924 iaciendum,
1299 2844 1456 2928 adquam
1476 2845 1541 2908 iam
1564 2845 1674 2929 paucis
1696 2845 1894 2911 redeundum
1919 2861 1980 2929 est,

357 2970 392 3034 nt
414 2959 523 3042 opinio
545 2957 586 3022 da
609 2959 679 3022 ains
701 2959 890 3022 auctoritate
912 2954 1013 3024 semel
1035 2959 1278 3044 exstinguatur,
1307 2977 1410 3042 neque
1432 2957 1466 3020 iu
1488 2969 1652 3042 posterum
1682 2959 1893 3043 suppositicio
1914 2959 1981 3026 leta

357 3067 548 3139 deludantur
576 3083 608 3134 et
637 3067 870 3158 palaeographt
902 3085 935 3135 et
956 3069 1128 3158 Theologi.
1172 3069 1221 3134 Ac
1238 3075 1379 3157 primurn
1402 3069 1530 3156 quidem
1552 3071 1694 3134 omnium
1715 3071 1850 3134 istorum
1869 3094 1982 3138 mouu-

357 3196 537 3248 mentomra
557 3183 643 3248 idem
665 3196 715 3248 est
726 3182 822 3262 suns.
866 3181 1078 3267 Cyrenaicum
1094 3185 1178 3248 euim
1194 3180 1373 3270 bilinguem
1385 3182 1471 3248 idem
1486 3184 1573 3248 misit
1587 3180 1792 3269 Grougnatus
1806 3199 1981 3270 pemeus,

360 3299 413 3382 qui
440 3293 636 3362 Atlanticum
659 3293 797 3382 lapidem
820 3307 853 3360 et
873 3293 1002 3360 Eumali
1023 3293 1142 3360 librum
1165 3297 1297 3360 invenit.
1344 3294 1434 3360 Dein
1456 3293 1581 3360 litterae
1602 3295 1795 3360 Phoenicius
1817 3299 1982 3386 utriusque

358 3411 558 3476 monumenti
579 3408 711 3474 eaedem
733 3423 822 3474 suut:
846 3422 878 3472 et
893 3405 1063 3492 Cyrenaici
1078 3407 1205 3496 quidem
1220 3407 1305 3472 tituli
1318 3406 1435 3486 lectio,
1460 3429 1541 3494 qnae
1555 3410 1644 3494 prius
1657 3423 1787 3495 propter
1810 3409 1982 3478 nonnullas

359 3522 481 3610 figurae
505 3535 602 3587 antea
622 3523 783 3587 inanditae
805 3519 957 3607 ambigua
978 3520 1059 3597 init,
1094 3541 1179 3584 nunc
1201 3521 1328 3584 domurn
1352 3539 1395 3584 ex
1414 3511 1476 3584 boc
1497 3518 1687 3604 alphabeto,
1715 3521 1800 3606 qnod
1821 3519 1982 3590 Atlantico

262 3705 266 3720 ,
359 3631 452 3700 titulo
482 3634 604 3700 addidit
631 3633 759 3713 Fortia,
797 3634 943 3720 expediri
971 3643 1084 3718 potest.
1133 3631 1289 3696 Litteram
1314 3645 1364 3720 g,
1404 3653 1498 3718 quam
1520 3652 1582 3717 ego
1604 3653 1662 3716 pro
1684 3631 1888 3717 simplicitate
1910 3655 1983 3703 mett

360 3773 423 3816 uon
455 3765 601 3846 poteram
632 3773 695 3816 uon
725 3772 767 3816 ex
797 3749 925 3838 legibus
951 3747 1228 3836 palaeographicis
1257 3747 1386 3812 aliunde
1416 3751 1501 3812 notis
1532 3745 1596 3812 'l'at
1622 3769 1695 3813 ease
1717 3769 1866 3827 censere,
1896 3771 1982 3818 nnuc

363 3866 490 3928 demum
518 3859 688 3942 intellexi,
731 3867 871 3930 auctoris
900 3865 1001 3950 ipsius
1029 3863 1188 3927 sententia
1227 3864 1288 3926 ΟΥ
1314 3859 1457 3925 vocalem
1488 3883 1577 3939 esse,
1613 3863 1645 3923 in
1676 3859 1861 3926 Phoeniciis
1891 3865 1983 3930 inau-

361 3977 478 4057 ditum,
515 3979 563 4040 ita
596 3990 630 4041 ut
660 3979 800 4064 quinque
836 3976 962 4042 litterae
996 3977 1029 4038 in
1065 3996 1190 4039 summo
1225 3971 1330 4060 lepide
1367 3985 1538 4050 stiffi:
1565 3971 1693 4038 setona
1729 3973 1814 4059 (non
1852 3982 1981 4064 suine)

360 4089 620 4174 pronunciandae
642 4092 725 4169 sint,
753 4089 847 4155 lina
868 4097 974 4154 roc.4
997 4103 1079 4157 niun
1100 4090 1183 4174 (non
1208 4089 1344 4173 ouen),
1376 4085 1433 4152 lin.
1456 4093 1476 4151 3
1498 4095 1607 4151 root
1630 4103 1717 4156 ancta
1738 4091 1822 4168 (non
1845 4091 1979 4178 nuath

360 4199 497 4288 Signum
524 4203 620 4266 etiam
663 4182 722 4322 ἶ,
758 4205 848 4268 cuius
880 4217 1022 4287 potestas
1057 4201 1151 4266 Wan
1178 4200 1259 4266 mibi
1281 4222 1345 4264 non
1369 4202 1498 4286 cognita
1522 4213 1604 4264 erat·
1619 4201 1671 4282 (v.
1693 4222 1765 4288 pag.
1790 4208 1873 4286 24),
1909 4225 1982 4271 aero

359 4317 507 4384 intellexi
537 4341 581 4384 ex
610 4317 790 4403 alphabetis
819 4320 1008 4405 quibusdam
1037 4315 1221 4384 Phoeniciis
1248 4321 1382 4404 petitum
1413 4299 1507 4396 esse,
1542 4321 1595 4405 qui
1625 4316 1708 4383 hanc
1736 4323 1766 4384 ei
1795 4335 1982 4408 potestatem

359 4431 549 4498 &buerunt
605 4431 682 4496 ian
713 4435 809 4496 etiarn
839 4453 947 4496 sermo
974 4430 1142 4514 Cyrenaici
1172 4428 1256 4496 tituli
1283 4427 1450 4496 vocabulis
1473 4429 1698 4497 Melitensibus
1721 4437 1899 4519 permixtus
1922 4447 1982 4515 est,

355 4543 445 4629 quod
466 4545 497 4608 si
518 4563 636 4628 ponere
659 4547 856 4637 potuissem,
895 4547 929 4608 io
951 4565 991 4606 eo
1011 4543 1251 4629 interpretando
1273 4543 1415 4630 prolecto
1437 4565 1501 4607 non
1523 4545 1585 4625 ita,
1622 4559 1659 4609 ut
1679 4544 1760 4624 leci,
1796 4545 1983 4614 haesissem.

360 4651 407 4720 Ut
435 4658 522 4722 enlm
550 4653 713 4720 Atlantica
734 4657 900 4743 inscriptio
923 4654 1088 4720 hlelitensi
1109 4639 1260 4722 idiomate
1282 4659 1400 4742 scripta
1422 4668 1472 4720 est
1493 4655 1657 4722 vocabulis
1679 4655 1839 4722 llebraeis
1864 4671 1983 4744 tempe-
2034 4663 2037 4668 '

361 4783 451 4848 satu,
487 4771 535 4834 ita
565 4765 744 4854 Cyrenaica
763 4769 923 4834 Hebraeis
946 4763 1179 4854 chaldaeisque
1205 4781 1329 4834 constat
1350 4766 1501 4846 vocibus,
1539 4767 1653 4854 quibus
1676 4789 1771 4833 voces
1795 4769 1982 4858 formaeque

336 4865 550 4950 'Montensis
577 4882 739 4946 admixtae
768 4895 853 4947 sunt.
904 4877 987 4944 Nam
1010 4899 1088 4964 quas
1111 4883 1259 4944 notiones
1282 4878 1432 4955 hebraice
1456 4882 1639 4966 exprimere
1661 4903 1725 4945 nou
1747 4882 1990 4968 peroraturus

361 4995 474 5076 detor,
513 4995 565 5060 his
591 4993 780 5060 Melitenses
807 5013 904 5058 vocas
935 4985 1117 5058 adhibebat.
1168 4992 1216 5057 ltu
1244 4997 1492 5056 communionem
1519 4991 1742 5062 dixissent>
1770 4997 1794 5060 i.
1823 5015 1851 5058 e.
1883 4993 1981 5062 ruelit.

361 5105 499 5192 sciprio
519 5106 628 5195 (arab.
647 5109 754 5215 ὅτι)
780 5103 921 5171 Vassall.
951 5127 982 5191 p.
1000 5109 1081 5183 695,
1117 5117 1150 5169 et
1178 5107 1312 5192 genitivi
1340 5117 1447 5168 notam
1469 5102 1547 5168 lecit
1568 5123 1615 5172 nn
1636 5127 1679 5172 ex
1701 5106 1801 5172 melit.
1823 5117 1860 5173 ia
1881 5111 1964 5216 (δι’)

363 5227 448 5292 uude
471 5245 544 5318 ptr!
566 5245 728 5316 spsyusn
749 5228 779 5290 ei
804 5241 867 5290 est:
891 5224 1159 5305 iustitiuesanr,
1184 5239 1265 5293 nauta
1280 5239 1416 5294 sennan
1440 5221 1810 5308 legisfundasteniutn,
1833 5230 1984 5299 unisona

364 5357 449 5412 urolt
469 5347 566 5430 pacis
587 5342 765 5420 virtualem,
797 5361 878 5427 quae
901 5358 995 5426 quam
1017 5335 1154 5406 barbara
1175 5341 1241 5404 sint
1264 5349 1295 5402 et
1317 5333 1356 5400 ab
1380 5336 1582 5422 antiquorum
1606 5361 1666 5404 usu
1688 5337 1814 5422 aliena,
1851 5363 1914 5406 uon
1936 5354 1985 5406 est

1521 5453 1561 5514 33
1583 5451 1605 5496 ¹*
