4992 6292
751 648 813 716 DE
835 645 982 714 smum
1001 644 1331 714 numeramus*
1344 643 1623 714 anonumum
1775 678 1780 698 ·
1949 653 1997 730 85

495 838 707 917 Phoenicius,
738 857 803 902 nou
832 835 995 915 Graecae,
1024 835 1159 920 originis
1186 833 1272 898 duae
1300 837 1501 920 petistirnuru
1533 855 1648 901 caussa
1670 850 1753 902 eunt.
1798 833 1872 902 Una
1892 851 1943 904 est
1961 839 1995 904 in

369 952 539 1018 manifesta
566 952 653 1017 haud
679 971 853 1038 paucarum
875 948 1067 1036 figurasset
1097 967 1169 1010 curn
1190 945 1374 1011 Phoeniciis
1395 946 1606 1014 similitudine
1637 950 1685 1032 (ιι.
1708 949 1774 1014 (ιώ.
1797 965 1938 1017 nostram
1962 957 1994 1031 ⁵,

269 1055 275 1062 ¹
323 1087 328 1102 ·
367 1066 477 1152 ibique
490 1069 632 1130 maxime
648 1062 774 1142 Giruel,
796 1059 939 1140 lamed,
961 1058 1055 1137 Nun,
1074 1057 1157 1136 Ain,
1180 1057 1300 1144 Koph‚
1323 1057 1425 1146 'l'anlt
1447 1059 1550 1125 altera
1563 1065 1596 1126 iu
1612 1049 1994 1139 eeuiaideelitterarum,

369 1199 451 1265 quae
473 1200 537 1244 non
561 1199 633 1243 cern
654 1177 791 1242 Graecia
811 1173 1020 1250 Arabicisve,
1042 1171 1099 1234 sed
1121 1192 1193 1236 curn
1219 1171 1418 1238 Hebraeiss.
1436 1172 1621 1238 Phoeniciis
1645 1191 1842 1260 congruunt,
1868 1191 1916 1254 et,
1939 1176 1996 1242 uhi

369 1293 569 1378 discrepant,
600 1292 744 1356 eiusdm
774 1303 881 1352 tamen
909 1283 1158 1372 significationis
1185 1298 1277 1362 sunt,
1307 1283 1394 1350 velut
1422 1287 1504 1366 Alf,
1531 1285 1629 1366 Bes‘t,
1664 1286 1774 1367 aest,
1798 1286 1890 1354 Dent
1918 1291 1994 1375 (pio

369 1443 519 1528 Daleth),
544 1435 1154 1535 Hot,zat(ef.1pr011),11acr
1180 1383 1564 1527 (-l2·>=-n't3sepes‚
1589 1441 1739 1525 septum),
1767 1439 1996 1518 retutemus

369 1559 392 1622 i.
414 1579 442 1622 e.
466 1559 578 1622 dextra
600 1577 656 1642 pro
678 1551 746 1618 Jod
766 1575 898 1630 manus,
928 1547 1020 1629 Ker‘,
1048 1547 1199 1614 Leues.
1216 1547 1321 1626 Low,
1351 1551 1473 1616 Mati.
1497 1575 1526 1618 e.
1552 1575 1634 1639 aqua
1657 1575 1713 1638 pro
1736 1551 1854 1632 Maim,
1878 1551 1996 1618 Nudas

369 1692 501 1756 serpens
522 1671 596 1757 (pro
618 1669 698 1736 Nae
719 1667 829 1756 pisci),
851 1665 940 1743 Ain,
962 1661 1045 1742 ΑΓ
1036 1685 1056 1726 ι.
1079 1685 1109 1725 e.
1135 1649 1217 1731 osi.
1240 1676 1269 1748 q.
1295 1678 1358 1756 erp,
1388 1663 1484 1744 Kuf,
1508 1665 1615 1745 lices,
1640 1662 1725 1744 Sec,
1753 1663 1837 1730 Tuto.
1882 1663 1996 1753 Neque

368 1796 474 1847 tamen
491 1783 532 1848 ah
547 1787 625 1871 ipsis
642 1777 855 1848 Phoenicibus
875 1775 1000 1842 litteras
1023 1777 1185 1861 accepisse
1208 1777 1361 1841 censendi
1383 1791 1457 1841 sunt
1474 1776 1665 1864 Aethiopes,
1686 1779 1743 1843 sed
1757 1777 1797 1844 ab
1813 1778 1996 1862 llimjaritis
2024 1861 2028 1868 ἢ

263 1989 265 1992 ,
368 1938 395 1980 s.
427 1915 622 1997 Homeritis,
661 1919 715 2006 qui
746 1917 922 2001 scripturae
952 1932 1073 2000 genere
1104 1911 1275 2018 utebantur
1306 1893 1486 2000 aethiopico
1515 1913 1686 1981 admodum
1714 1912 1833 1994 simili,
1869 1889 1993 1984 chezil

369 2047 412 2126 (i.
436 2067 472 2110 ο.
495 2051 654 2134 scriptura
669 2046 789 2132 solta)
819 2043 905 2132 apud
933 2040 1058 2108 Arabes
1090 2039 1249 2128 appellato
1275 2043 1310 2106 in
1334 2045 1467 2110 vetustis
1488 2042 1751 2130 inscriptionibus
1773 2048 1941 2131 superstite
1964 2059 1996 2110 et

368 2157 486 2224 litteris
516 2182 581 2226 nou
610 2158 717 2248 ligatis
744 2161 915 2246 conspicuo
935 2157 980 2240 *)ι
1022 2156 1112 2220 cuius
1138 2156 1315 2220 accuratior
1343 2158 1459 2234 notitia
1486 2170 1553 2220 tura
1583 2153 1664 2222 olias
1693 2155 1735 2222 cb
1762 2177 1894 2236 causas,
1929 2171 1995 2222 tum

369 2272 409 2336 ad
431 2271 630 2360 aethiopicae
652 2271 851 2338 litteraturae
875 2271 1016 2356 origines
1037 2265 1164 2356 plenius
1187 2267 1373 2336 enodandas
1395 2289 1589 2356 magnopere
1613 2271 1751 2356 optanda
1773 2284 1831 2336 eat

496 2383 534 2450 In
558 2383 666 2450 tabula
688 2399 797 2452 nostra
817 2389 933 2472 quintu
955 2382 1087 2448 nonnisi
1109 2401 1164 2446 eae
1187 2379 1383 2466 Aethiopum
1411 2378 1535 2448 litteras
1563 2381 1729 2476 dedimus,
1759 2404 1893 2470 quarum
1922 2404 1996 2448 cum

369 2497 551 2566 Phoeniciis
571 2496 747 2564 similitudo
765 2496 936 2564 manifesta
955 2506 1018 2560 cst:
1042 2494 1082 2563 dc
1103 2490 1299 2580 reliquarum
1322 2496 1418 2558 etiarn
1441 2496 1565 2582 origine
1589 2497 1644 2582 qui
1666 2497 1865 2562 coniecturas
1886 2493 1996 2582 legere

370 2614 475 2698 cupit,
506 2613 534 2676 is
561 2610 725 2698 Koppium
753 2608 896 2679 adeatl.
918 2627 962 2676 c..
995 2606 1052 2672 sed
1082 2625 1195 2671 vereor
1220 2627 1261 2672 ue
1290 2605 1490 2672 Homeritica
1517 2609 1676 2694 scriptura
1705 2606 1780 2674 olim
1811 2607 1970 2692 plenius'
1961 2630 1996 2674 tu

369 2723 472 2789 lucem
495 2737 656 2810 protracta
678 2723 792 2788 harum
814 2743 932 2808 magna
954 2741 1027 2807 pars
1048 2716 1089 2782 ad
1111 2691 1247 2782 nihilum
1271 2717 1401 2782 recidet.
2031 2799 2034 2802 Ι

498 2834 648 2903 Ceterum
677 2837 764 2924 qnod
791 2835 889 2901 verba
919 2834 1023 2899 divisa
1046 2843 1121 2896 eunt
1142 2829 1290 2916 binisque
1311 2833 1436 2916 punctis
1457 2832 1622 2911 distincta,
1651 2833 1734 2918 quod
1757 2829 1882 2896 litterae
1905 2853 1994 2896 more

372 2949 567 3015 Graecorum
595 2972 614 3014 a
641 2948 734 3014 laeva
764 2951 804 3014 ad
831 2950 978 3014 dextram
1007 2956 1154 3022 currunt,
1184 2945 1322 3032 denique
1351 2946 1436 3032 quud
1458 2947 1610 3010 consonis
1630 2942 1760 3010 vocales
1781 2942 1898 3010 affixae
1921 2959 1994 3008 sunt

369 3064 409 3128 ad
437 3083 622 3150 graecarum
653 3061 813 3128 vocalium
841 3056 1007 3145 exemplar
1036 3056 1273 3136 mauruntus,
1304 3059 1337 3124 id
1366 3071 1438 3144 post
1469 3057 1671 3126 Constantini
1699 3057 1828 3124 dearum
1849 3072 1993 3143 tempora

370 3199 388 3239 a
411 3175 544 3240 Graecis
566 3177 733 3261 repetitum
756 3195 828 3240 esse
848 3175 976 3238 videtur
989 3173 1049 3256 **).

874 3523 1125 3590 CAPUT
1170 3520 1490 3590 SEXTUM.

582 3701 662 3776 ua
703 3697 905 3774 staura
944 3691 1373 3812 annueramus
1399 3649 1785 3774 ἰιιοιιιιιιιιιιι

1120 3900 1149 3976 t.
1185 3899 1236 3960 so.

498 4047 527 4104 1.
573 4039 698 4115 Primus
715 4039 776 4104 init
797 4037 1010 4119 Rheaferdtse
1030 4036 1227 4125 (literaturae
1248 4013 1366 4122 phoen.
1390 4045 1476 4122 spec.
1496 4039 1525 4116 5.
1548 4035 1625 4122 77),
1648 4040 1702 4124 qui
1725 4040 1819 4124 signa
1840 4033 1935 4100 NNN
1959 4037 1993 4100 in

369 4153 558 4242 quibusdam
567 4152 744 4217 Phoenices
759 4154 906 4238 propriae
923 4155 1028 4218 numia
1039 4151 1241 4218 characteres
1257 4148 1474 4215 arithmeticos
1487 4171 1559 4214 esse
1571 4153 1795 4236 suspicaretur,
1812 4171 1992 4237 quanquam
2123 4141 2127 4152 ’

379 4307 720 4326 ff

422 4415 450 4480 *)
467 4413 539 4468 Vide
564 4427 633 4482 quae
657 4408 770 4478 copiose
792 4407 908 4476 disputat
932 4410 996 4460 Situ.
1022 4411 1054 4460 tle
1079 4411 1146 4474 sacy
1216 4411 1345 4466 Vaticani,
1380 4407 1464 4459 Itone
1493 4409 1568 4462 1820.
1592 4404 1625 4473 8)
1654 4409 1686 4459 ad
1708 4405 1864 4475 scripturam
1882 4390 1989 4460 aia-il

370 4521 399 4572 in
416 4517 543 4572 Mimuire
565 4536 610 4568 sur
635 4511 755 4577 Pcrigr'se
779 4521 803 4563 et
830 4517 865 4562 tes
889 4515 987 4562 caetera
1005 4529 1146 4564 monumess
1213 4507 1262 4564 vix
1281 4508 1424 4578 pertinent.
1456 4505 1580 4562 Ceterum
1594 4509 1712 4563 Arabum
1725 4507 1871 4578 scriptores
1883 4523 1990 4559 omnent

372 4619 404 4668 de
422 4617 451 4666 lu
469 4615 608 4667 litterature
626 4613 708 4680 parmi
725 4615 759 4660 tes
776 4611 891 4674 Aretes,
914 4606 989 4660 Paris
1008 4609 1084 4660 1803.
1118 4607 1146 4661 4.
1216 4607 1276 4658 lere
1304 4587 1460 4673 scripturam
1485 4605 1550 4674 ipsis
1575 4605 1737 4678 incognitam
1766 4613 1793 4658 et
1815 4602 1911 4656 litteris
1935 4618 1990 4654 non

370 4728 431 4784 pag.
445 4708 567 4772 11-34,
584 4709 629 4777 spui
647 4717 737 4760 tamen
755 4705 812 4775 ipae
830 4704 868 4774 (p.
887 4703 934 4770 36)
957 4702 1147 4757 Homeriticam
1214 4703 1303 4774 ligatis
1321 4701 1445 4770 scripturn
1470 4704 1657 4771 Himjoria'eum
1682 4702 1830 4770 appellasse
1854 4700 1989 4752 ridentur.

371 4807 529 4877 scriptun-arn
547 4808 596 4859 vet
620 4821 657 4860 ex
681 4801 950 4870 aethiopicorum
968 4802 1020 4856 vet
1035 4801 1146 4856 eanderu
1214 4796 1255 4852 lta
1281 4807 1357 4856 certe
1379 4807 1476 4854 aanor
1498 4815 1649 4868 anonymus
1671 4794 1859 4865 desipueris
1879 4795 1991 4853 Africae

372 4922 433 4958 curn
459 4901 620 4970 Aethiopica
648 4899 750 4967 luisse,
779 4899 850 4950 hanc
878 4912 947 4951 vero
980 4913 1018 4949 cx
1043 4896 1147 4948 Graeca
1215 4895 1243 4946 in
1268 4897 1328 4948 cod.
1357 4895 1440 4948 Paris.
1468 4910 1515 4950 no.
1541 4897 1593 4949 580
1617 4897 1659 4963 (v.
1692 4894 1887 4977 Qusrneusas
1909 4899 1990 4946 notice

372 5011 458 5056 urum
470 5007 555 5070 putat·
587 4997 673 5052 Unice
687 4996 746 5052 eiua
757 4993 913 5065 specimina,
926 4991 956 5046 ni
967 4993 1058 5058 letior,
1074 4991 1148 5046 dedit
1215 4990 1282 5044 ti'su
1298 5009 1345 5044 ers.
1362 4995 1442 5044 orote
1455 5002 1585 5044 comenuut
1600 4997 1627 5042 lo
1638 4993 1790 5056 description
1806 4993 1838 5042 ds
1855 4989 1872 5044 t·
1881 4989 1992 5060 Afrique

374 5102 518 5152 &maen
537 5097 566 5150 in
590 5099 756 5162 lisaslgruhet
782 5097 808 5148 d.
837 5094 936 5147 Oriente
962 5090 1004 5157 11,
1030 5103 1058 5158 p.
1084 5090 1147 5154 282,
1215 5103 1243 5158 p·
1260 5085 1319 5154 ⁶5).
1340 5087 1387 5155 qni
1402 5085 1604 5155 inscriptionem
1622 5087 1651 5140 in
1669 5087 1773 5140 themo
1788 5085 1992 5158 Carthaginensi

372 5211 436 5248 nun
457 5197 662 5263 quse-Loesius·
681 5209 718 5246 ex
747 5190 883 5245 udatus
900 5185 1039 5244 Vaticanis
1065 5185 1148 5240 edidit
1215 5199 1265 5238 suo
1284 5193 1406 5251 tempere
1426 5191 1591 5248 exstantem,
1615 5199 1685 5251 qnae
1708 5183 1779 5240 hand
1796 5183 1877 5242 dehic
1894 5189 1988 5253 psoius

376 5300 403 5344 et
423 5289 554 5360 explicuit
580 5290 625 5356 (in
653 5291 830 5341 &enoiosa
846 5289 1051 5340 renco-critico
1064 5303 1097 5336 ss
1112 5285 1150 5349 gu
1215 5289 1274 5338 eret
1290 5280 1376 5344 (md
1391 5278 1472 5334 inser.
1492 5287 1575 5334 nostr·
1592 5277 1637 5346 55)
1654 5279 1849 5350 Hiasjariticsus
1865 5281 1988 5350 appetht.

377 5390 489 5442 Omireni
506 5407 521 5438 e
542 5393 595 5440 lure
613 5384 698 5450 forme
716 5388 744 5436 di
765 5389 873 5438 sorim
894 5393 993 5437 trecate
1009 5380 1048 5434 ιε’
1067 5382 1148 5436 codici
1265 5372 1306 5444 ”l
1328 5376 1447 5445 Hapseld
1462 5379 1481 5432 l.
1496 5394 1521 5432 ο.
1539 5394 1565 5444 p·
1582 5373 1610 5430 ⁴.
