4906 6300
515 643 591 724 124
637 637 772 708 LIBER
786 631 1031 706 SECUNDUS.
1061 625 1400 700 lNSClllPTIONES
1413 623 1696 694 Phoenicum.
1725 621 1872 692 CAPUT
1895 620 2109 692 TERTIUM.

514 832 703 922 phoeniciae
732 850 798 894 non
826 839 921 904 sunt,
956 821 1093 889 lortasse
1119 821 1331 886 armeniacae.
1384 815 1474 882 Misit
1501 837 1544 881 ex
1566 812 1741 882 Niebuhrii
1762 809 1890 878 schedis
1911 810 2130 899 apographum

515 966 644 1024 earnm,
673 943 852 1008 sceorstiss
872 935 952 1002 illud
982 934 1110 1020 quidem
1140 953 1234 1019 quam
1262 931 1347 1018 quod
1374 932 1408 994 in
1429 927 1546 996 Museo
1567 929 1689 994 editum
1709 940 1776 1006 est,
1812 925 1927 990 Isstss
1953 923 2131 990 Olslsssses

515 1058 559 1124 V.
583 1054 640 1136 C.,
672 1055 729 1120 sed
751 1055 812 1117 ista
832 1049 1002 1137 phoenicia
1024 1068 1089 1112 non
1111 1067 1183 1111 esse
1204 1044 1444 1132 spoponderim.

642 1191 749 1270 Quum
772 1191 812 1256 ad
834 1193 923 1277 ipsos
944 1186 1070 1276 lapides
1091 1179 1196 1253 aditus
1218 1207 1281 1250 non
1296 1197 1421 1271 pateat,
1443 1181 1631 1268 Porterique
1645 1176 1829 1267 apographa
1843 1199 1991 1265 magnam
2007 1191 2131 1266 partem

515 1322 572 1376 sus
599 1304 788 1372 delitescant
817 1317 873 1368 sot
898 1303 1070 1390 perierint,
1110 1297 1243 1364 multum
1279 1319 1357 1363 sane
1391 1299 1527 1362 interest
1561 1297 1663 1374 scire,
1704 1313 1785 1381 quae
1824 1289 1906 1358 lidos
1939 1287 2133 1379 apographis

515 1419 744 1498 Pocockianis,
783 1438 827 1482 ex
859 1415 975 1504 quibus
1010 1414 1083 1477 nnis
1117 1411 1312 1499 pendemus,
1348 1407 1461 1474 haberi
1493 1410 1608 1495 possit.
1665 1401 1908 1483 Qnodammodo
1937 1405 1970 1470 id
1998 1403 2133 1468 indicari

514 1545 621 1621 potest
650 1553 692 1596 ex
721 1531 929 1616 inscriptione
959 1525 1132 1604 secunda,
1155 1545 1236 1611 quae
1265 1521 1425 1610 hodieque
1452 1517 1573 1586 Oxonii
1596 1531 1760 1605 superstes
1782 1531 1849 1596 est,
1878 1531 1910 1582 et
1931 1539 1974 1582 ex
1993 1518 2132 1604 quinque

516 1647 762 1732 inscriptionum
788 1639 975 1728 apographo
1004 1637 1205 1703 Porteriano.
1246 1635 1298 1701 Ex
1321 1633 1372 1700 his
1395 1649 1500 1700 eutem
1522 1645 1671 1720 apparet,
1699 1629 1895 1696 Pococlsium
1917 1631 2045 1717 quidem
2068 1649 2132 1694 non

516 1761 595 1825 satis
617 1771 762 1822 accusate
784 1753 981 1841 singularum
1000 1749 1178 1816 litterarum
1193 1751 1305 1814 dnoms
1322 1749 1480 1813 imitatum
1495 1767 1587 1826 esse,
1608 1743 1793 1830 litterasque
1809 1743 1911 1830 magis
1925 1743 2134 1828 descripsisse

517 1891 611 1958 quam
639 1867 793 1955 religiose
821 1867 1024 1952 depinxisse,
1057 1875 1230 1950 propterea
1257 1859 1434 1925 litterarum
1461 1856 1615 1924 similium
1644 1859 1682 1942 (b
1703 1871 1735 1922 et
1756 1875 1788 1936 s,
1817 1867 1896 1922 oet
1915 1873 1961 1934 to,
1992 1867 2067 1924 'ret
2090 1853 2133 1936 s)

517 1983 715 2060 discrimina,
733 2001 792 2045 neo
807 1999 871 2044 non
885 1975 1062 2042 litterarum
1080 1973 1250 2041 intervalla
1262 1995 1357 2060 saepe
1369 1969 1563 2059 neglexisse,
1578 1975 1622 2036 ita
1634 1984 1669 2036 nt
1680 1973 1714 2036 in
1729 1968 1779 2034 his
1792 1967 1938 2056 legendis
1951 1970 2134 2033 coniectura

516 2095 654 2161 subinde
670 2115 751 2179 opns
771 2095 814 2157 sit
835 2091 889 2172 (in
912 2091 1042 2156 insoni
1063 2089 1193 2174 scripsit
1214 2103 1272 2156 nott
1294 2107 1354 2174 pro
1376 2085 1475 2172 sets)
1496 2086 1553 2150 sed
1576 2085 1779 2150 mediocriter
1800 2095 1908 2148 tamen
1923 2101 1962 2146 ea
1976 2063 2134 2166 descripta

517 2215 599 2272 esre.
641 2199 780 2270 Possunt
809 2217 976 2290 propterea
1006 2203 1103 2266 etiam
1125 2198 1264 2288 plurima
1285 2213 1319 2264 et
1339 2197 1404 2286 legi
1426 2212 1459 2263 et
1478 2196 1631 2286 intelligi:
1668 2199 1701 2262 in
1723 2195 1901 2261 litterarum
1922 2214 1999 2258 vero
2020 2191 2135 2280 liguris

517 2339 561 2384 ex
589 2316 642 2384 his
671 2305 936 2402 inscriptionibus
964 2317 999 2379 in
1030 2311 1203 2400 alphabeta
1238 2313 1431 2398 recipiendis
1459 2327 1550 2377 cante
1585 2310 1776 2376 versandum
1803 2323 1864 2374 est.
1916 2304 1991 2384 Quo
2019 2301 2134 2370 melina

517 2429 653 2497 lectores
672 2427 820 2494 lectionis
842 2427 1058 2493 diversitatem
1077 2425 1221 2490 indicare
1241 2427 1385 2512 possint,
1414 2407 1540 2512 praebes
1561 2421 1715 2490 Pococlsii
1735 2419 1876 2488 tabulam
1897 2421 1994 2485 etiem
2011 2417 2134 2484 Posteri

519 2547 659 2631 quinque
679 2539 863 2629 apographa
885 2539 1031 2605 dedimus
1052 2537 1119 2604 tab.
1143 2543 1194 2602 11.
1217 2543 1268 2603 12.

644 2703 942 2791 lnterpretetionem
964 2700 1076 2766 harum
1099 2701 1343 2786 inscriptionum
1364 2701 1487 2786 primus
1509 2700 1653 2764 omniurn
1672 2700 1807 2764 tentavit
1825 2696 1875 2764 lo.
1889 2696 2059 2776 Swssros,
2080 2695 2135 2782 qui

517 2819 653 2906 primum
675 2817 754 2882 dues
775 2813 937 2901 explicare
958 2814 1081 2880 studuit
1101 2817 1134 2878 in
1153 2811 1254 2878 libro:
1277 2813 1518 2900 descriptiones
1533 2811 1675 2892 Citieus,
1699 2809 1930 2878 Osonii1750.
1952 2817 1984 2875 4.
2006 2809 2019 2892 (
2030 2828 2060 2872 v.
2074 2827 2135 2872 nos

517 2927 573 2994 lib.
595 2927 621 2992 l.
650 2931 680 3008 l.
705 2929 763 3012 2),
793 2948 870 2992 mox
892 2927 972 2992 duas
993 2925 1074 2990 elias
1103 2925 1178 3010 (no.
1198 2932 1219 2989 4
1241 2937 1274 2988 et
1296 2925 1356 3004 b),
1392 2927 1426 2988 in
1454 2921 1566 2990 libello
1593 2927 1758 2990 rarissimo
1786 2923 1989 3010 (exemplum
2010 2923 2081 2984 eins
2101 2921 2136 2984 in

519 3039 650 3108 Brunsii
673 3037 868 3103 bibliotheca
888 3039 992 3122 sidi):
1031 3037 1272 3122 Isserspts'oses
1296 3036 1427 3102 Cs'ts'euc
1448 3059 1474 3100 s.
1496 3042 1533 3102 s's
1555 3035 1650 3102 birros
1670 3039 1757 3102 alias
1777 3041 2008 3124 s’ascrs‘pts'oses
2029 3031 2136 3100 Plos-

519 3159 627 3220 sss'cs'as
656 3157 875 3216 coniecturas.
905 3147 1015 3216 Oxon.
1039 3153 1141 3228 1753,
1176 3151 1249 3214 dein
1272 3163 1421 3236 quattuor
1451 3150 1525 3234 (no.
1548 3154 1579 3212 2.
1599 3157 1631 3215 4.
1652 3155 1704 3214 21.
1728 3151 1788 3235 23)
1809 3153 1843 3214 in
1865 3148 1990 3216 Philas.
2018 3146 2137 3212 Troas·

520 3271 649 3330 actions
670 3260 749 3328 Vol.
768 3267 809 3327 54
829 3285 858 3348 p.
878 3267 1079 3340 411-438,
1104 3265 1203 3340 1764,
1232 3259 1287 3326 nbi
1317 3259 1412 3346 paulo
1439 3263 1584 3348 asperius
1612 3262 1822 3350 respondetur
1850 3263 1890 3326 ad
1918 3257 2136 3343 Berthelemyi

521 3375 763 3442 ohservationes
797 3371 903 3456 (haud
931 3395 1009 3438 sane
1036 3375 1145 3460 magni
1168 3373 1340 3460 momenti)
1368 3375 1403 3438 in
1438 3375 1666 3460 „Bellexs'oss
1692 3397 1749 3442 sar
1776 3377 1927 3463 quelques
1956 3392 2137 3439 nonaum

515 3487 741 3576 pitaram
771 3487 949 3552 Mdssos‘res
976 3487 1017 3552 de
1043 3487 1171 3551 l’acod.
1200 3485 1308 3552 XXX
1328 3510 1359 3574 p.
1382 3491 1445 3552 407
1467 3509 1535 3574 sqq.
1579 3487 1655 3552 Post
1676 3507 1748 3554 enm
1770 3485 1918 3574 permulti
1939 3489 1973 3550 io
1995 3485 2137 3552 secudu

520 3601 729 3686 inscriptione
758 3595 882 3664 Oxonii
904 3613 1067 3664 mereata
1095 3598 1306 3674 desudarunt3
1334 3601 1428 3686 pauci
1457 3603 1553 3664 etiam
1580 3598 1773 3686 reliquarum
1801 3620 1896 3664 unam
1922 3597 1975 3662 sel
2003 3597 2136 3666 alteram

521 3711 745 3799 explicandam
766 3695 991 3796 susceperunt,
1019 3725 1055 3775 nt
1080 3711 1251 3791 Korama,
1276 3713 1329 3798 qui
1351 3711 1482 3795 (llildcr
1504 3713 1572 3777 ssd
1592 3709 1686 3776 Solr.
1710 3711 1738 3792 l,
1760 3733 1790 3798 p.
1814 3717 1876 3778 200
1892 3711 1982 3798 sqq.)
2010 3727 2137 3799 praeter

522 3825 693 3892 secasduss
720 3823 876 3888 tredecies
906 3813 986 3887 elisa
1014 3821 1085 3910 (no.
1112 3832 1144 3888 4.
1176 3829 1207 3890 5.
1238 3831 1287 3889 1ο.
1321 3831 1371 3889 12.
1405 3830 1454 3890 13.
1483 3827 1534 3889 17.
1571 3831 1620 3890 18.
1651 3832 1702 3890 21.
1736 3831 1788 3890 23.
1818 3832 1870 3889 24.
1898 3829 1951 3890 26.
1980 3831 2032 3890 29.
2064 3827 2137 3908 30.)

522 3950 653 4016 mactat,
682 3949 715 4001 et
736 3935 961 4014 Hsnssxnaus,
983 3937 1036 4022 qui
1058 3935 1221 4018 (Miscell.
1233 3935 1354 4022 ploro.
1376 3957 1406 4021 p.
1420 3941 1461 4002 92
1475 3935 1568 4024 sqq.)
1589 3938 1718 4004 easdem
1735 3951 1910 4002 retractans
1924 3939 1958 4002 io
1974 3935 2137 4024 Koppium

522 4053 663 4138 graviter
691 4047 872 4128 invehitur,
908 4046 997 4112 illius
1023 4050 1301 4136 interpretationes
1328 4049 1369 4114 ad
1397 4069 1493 4113 unam
1523 4069 1634 4114 omnes
1665 4049 1734 4116 lere
1761 4052 1921 4116 reiioiens.
1969 4048 2082 4136 Neque
2103 4049 2138 4112 id

522 4163 593 4228 sine
615 4164 685 4224 inre
712 4161 822 4242 (idem
854 4159 923 4226 lere
957 4182 1016 4226 nos
1044 4162 1273 4241 indicavimus,
1308 4182 1488 4249 quanquam
1510 4182 1575 4228 non
1596 4162 1708 4228 eadem
1730 4165 1918 4250 asperitate,
1947 4158 2136 4226 inland.

522 4273 563 4340 L.
574 4270 610 4337 Ζ.
622 4275 703 4336 1820
719 4277 832 4354 noi),
856 4271 912 4338 nbi
928 4270 1100 4338 nonnullae
1115 4288 1267 4339 trasmae
1282 4278 1395 4358 sunt):
1420 4295 1556 4362 namque
1569 4295 1609 4338 ne
1623 4275 1685 4342 hoc
1698 4278 1824 4362 quidem
1841 4274 1989 4362 Koppius
2003 4273 2136 4352 viderat,

524 4385 583 4452 has
605 4386 827 4470 inscriptiones
850 4398 975 4470 praeter
996 4389 1132 4474 primam
1152 4407 1263 4451 omnes
1291 4407 1364 4452 esse
1390 4385 1587 4472 sepulcrales
1616 4402 1649 4452 et
1673 4391 1802 4454 nomina
1826 4390 1954 4476 propria
1973 4385 2137 4452 hominum

524 4501 705 4578 continere,
747 4494 957 4562 contumelias
986 4500 1067 4564 adeo
1103 4503 1226 4564 iactans
1254 4501 1288 4564 in
1315 4497 1516 4587 philologos,
1558 4503 1613 4589 qui
1648 4503 1808 4580 „nomina
1839 4503 1968 4586 propria
1996 4515 2140 4566 amarent

523 4614 558 4678 in
572 4609 854 4696 inscriptionibus,
877 4624 912 4674 ot
931 4612 1160 4698 interpretandi
1176 4615 1306 4698 negotio
1318 4614 1525 4700 supersedere
1539 4621 1702 4700 possent.“
1732 4611 1794 4678 Cni
1809 4615 2064 4700 respondendum
2080 4627 2139 4690 est,

525 4721 708 4810 philologos
737 4719 815 4788 talia
842 4720 968 4814 legere,
998 4725 1072 4810 quia
1097 4725 1130 4788 in
1160 4722 1320 4811 lapidibus
1342 4739 1488 4808 exstant,
1515 4749 1580 4794 non
1607 4731 1683 4815 quia
1703 4725 1852 4792 faciliora
1873 4739 1962 4790 sunt:
1992 4723 2139 4804 faciliora

524 4849 630 4900 antem
652 4855 724 4900 esse
746 4856 840 4900 nemo
863 4834 964 4914 dicet,
998 4837 1053 4922 qui
1074 4851 1216 4922 reputet,
1244 4841 1342 4904 etiam
1362 4841 1633 4928 nominapmpria
1647 4841 1688 4904 sd
1708 4853 1836 4924 etymon
1850 4859 1943 4904 sunm
1957 4836 2139 4900 revocanda

526 4967 615 5026 esse,
654 4961 687 5011 et
708 4969 869 5034 nunqnam
890 4950 1096 5034 interpretem
1119 4949 1159 5014 de
1182 4953 1310 5016 nornine
1331 4955 1458 5039 proprio
1479 4966 1566 5019 recte
1587 4949 1670 5018 lecto
1691 4965 1813 5017 certum
1834 4971 1908 5016 esse
1929 4969 2041 5036 posse,
2076 4951 2138 5014 nisi
2168 4979 2170 4984 ·

526 5057 694 5146 probabile
716 5063 784 5124 eius
806 5075 932 5145 etymon
956 5062 1154 5127 indicaverit.

654 5205 760 5272 Etiam
789 5227 847 5272 noa
876 5229 940 5274 non
966 5230 1097 5289 omnes,
1134 5229 1194 5274 nec
1223 5215 1331 5278 omnis
1351 5210 1548 5300 singularum
1570 5209 1669 5276 verba
1691 5207 1854 5296 explicare
1875 5211 2052 5298 potuimus:
2082 5211 2138 5274 sed

529 5315 683 5405 plurimas
704 5333 808 5385 tamen
829 5318 937 5407 legere
966 5323 1117 5408 contigit,
1154 5337 1187 5388 et
1213 5326 1260 5390 its
1280 5325 1425 5411 quidem,
1461 5337 1497 5390 ut
1522 5325 1556 5388 in
1579 5319 1688 5390 moltis
1710 5323 1751 5390 de
1773 5337 1881 5392 nostra
1903 5323 2041 5390 lectione
2063 5325 2141 5388 setis
