5048 6300
498 593 574 670 398
644 586 779 656 creati
803 583 1026 667 QUARTUS.
1071 584 1131 650 DE
1152 583 1323 652 LlNGUA
1346 582 1600 651 enormem.
1646 581 1792 652 CAPUT
1818 583 2036 652 TERTIUM.

501 779 698 845 Graecorum
733 773 1014 858 Romanorumque
1049 793 1109 836 nau
1144 773 1218 835 trite
1246 781 1338 852 runt,
1372 775 1426 860 qul
1457 795 1521 838 non
1549 771 1654 836 rolom
1685 777 1926 860 peregrinorum
1956 775 2123 840 nominum

499 895 706 980 mprritatera
735 889 903 972 mitigare,
940 886 997 950 red
1025 885 1138 948 eadem
1166 885 1208 950 ad
1235 903 1313 950 anae
1342 883 1472 972 linguae
1501 883 1743 950 similitudinem
1771 885 1943 954 deflectere
1964 885 2124 952 solebant.

492 1007 538 1073 ‘ln
568 999 732 1071 staterio
759 997 894 1064 durna
918 1003 973 1078 20,
997 997 1037 1082 i)
1067 999 1139 1082 quir
1160 993 1462 1064 Smcteatartoeo
1489 1019 1606 1064 nomen
1628 1013 1802 1086 agnoscat,
1839 1002 1903 1066 nisi
1924 1019 2048 1066 memor
2069 1002 2125 1079 ait,

502 1121 563 1184 boe
592 1135 708 1182 nomen
738 1115 833 1178 etiarn
864 1112 1062 1176 §castaldeo
1092 1123 1124 1174 et
1150 1107 1368 1194 Σαγχονιάθος
1395 1109 1570 1198 appellerii
1613 1110 1695 1188 Quis
1721 1113 1932 1178 coniectando
1960 1125 2127 1178 assecutus

500 1233 599 1298 fuerit
627 1226 800 1294 stolam
827 1238 860 1290 et
887 1223 1052 1290 Acerbum
1080 1225 1165 1288 idem
1193 1243 1310 1288 nomen
1341 1241 1432 1300 erse,
1471 1227 1535 1290 nisi
1564 1246 1584 1289 e
1614 1224 1730 1290 Servio
1756 1225 1910 1305 edoctor,
1951 1227 2125 1312 genuinum

502 1346 637 1410 letarum
660 1337 853 1405 Stolorlorir
874 1359 967 1415 esre,
998 1358 1079 1422 qnae
1101 1338 1265 1421 utriusque
1287 1333 1375 1400 illius
1389 1339 1568 1402 communia
1585 1337 1658 1402 lona
1673 1353 1723 1402 cet
1736 1351 1769 1402 et
1783 1339 1982 1424 aptissimum
1997 1351 2126 1422 etymon

500 1456 613 1523 offerti
644 1450 745 1530 Quia,
777 1464 810 1516 ut
828 1447 985 1536 exemplis
1006 1447 1136 1514 aliunde
1159 1451 1268 1534 petitis
1291 1463 1426 1529 utamur,
1449 1452 1580 1514 nomine
1603 1465 1713 1516 nostra
1733 1450 1842 1528 Hane,
1869 1445 1982 1530 Ferre,
2003 1449 2127 1516 Mr'trrru

501 1591 544 1636 ert
567 1569 726 1644 luerit,
746 1560 939 1642 Frt'derr’ci,
965 1561 1162 1628 Grrs‘lr'elrroe
1184 1561 1366 1626 nominibus
1391 1577 1460 1627 orta
1482 1563 1669 1642 crediderit,
1692 1565 1757 1628 nisi
1775 1563 1981 1650 quotidianus
1995 1561 2127 1650 linguae

501 1678 691 1748 vernaculae
711 1699 789 1742 usur
811 1678 902 1742 testie
929 1685 1015 1740 esset
1043 1671 1336 1759 locupletissimusl
1365 1673 1464 1739 ‘lusto
1494 1677 1592 1762 igitur
1620 1673 1735 1741 borum
1764 1677 1931 1742 nominum
1959 1679 2125 1763 interpreti

500 1809 577 1861 eat·
598 1795 708 1858 mute
728 1791 761 1862 id
782 1777 941 1876 agendum
964 1801 1030 1865 ert,
1060 1801 1095 1850 nt
1117 1789 1252 1871 primam
1273 1799 1305 1850 et
1327 1785 1469 1852 nativam
1488 1807 1600 1852 eornm
1621 1789 1757 1854 formam
1777 1789 1943 1854 restituet:
1965 1789 2125 1875 siquidem

489 1895 548 1988 ie,
586 1907 640 1994 qui
672 1901 827 1980 Stricti,
856 1897 1010 1979 sichaei,
1048 1898 1214 1977 Boriorr'r,
1251 1895 1405 1964 Sierrboe
1433 1902 1581 1979 nentina,
1619 1915 1655 1965 nt
1684 1923 1768 1988 nuuc
1795 1915 1892 1980 ruet,
1924 1901 1966 1966 ed
1994 1915 2124 1985 emmau

499 1997 656 2088 revocare¹
679 2013 793 2093 vellet,
818 2035 881 2078 non
898 2016 1005 2077 minus
1021 2026 1159 2088 erraret,
1182 2033 1276 2097 quam
1294 2013 1348 2096 qui
1363 2009 1420 2074 illa
1436 2011 1582 2078 mutilata
1597 2009 1778 2078 noemernm'
1794 2011 1978 2101 lingonum
1995 2017 2127 2080 nomina

501 2135 542 2200 ad
572 2133 754 2220 proximem
776 2125 917 2212 aliquam
939 2127 1096 2212 originem
1118 2124 1238 2188 referre
1257 2121 1373 2188 vellet:
1408 2145 1588 2212 quanquam
1611 2126 1774 2190 latendum
1798 2141 1866 2208 est,
1896 2129 2126 2194 contractiores

500 2245 573 2312 illas
597 2243 717 2308 lormae
739 2238 876 2306 subinde
897 2241 943 2302 ita
964 2236 1088 2302 effictas
1111 2257 1201 2317 esee,
1222 2249 1257 2332 ut
1278 2237 1355 2300 novi
1378 2240 1476 2320 etymi
1497 2241 1636 2324 speciem
1652 2241 1862 2304 assumserim
1883 2253 1916 2304 et
1933 2243 2025 2328 queri
2038 2261 2128 2304 men-

501 2361 631 2424 tientur.
675 2351 750 2418 Non
773 2372 969 2440 magnopere
992 2348 1207 2436 reprehendas
1229 2369 1322 2427 enm,
1354 2351 1408 2436 qui
1433 2350 1525 2416 Iurir’
1539 2352 1646 2417 Iertae
1668 2352 1770 2416 nostri
1792 2372 1987 2436 praenomen
2009 2353 2126 2418 δίκαιον

500 2463 685 2556 significare
714 2467 850 2544 dixerit,
887 2477 919 2528 et
949 2477 1055 2528 tamen
1083 2463 1111 2526 is
1139 2459 1222 2526 false
1252 2461 1404 2526 docuerit.
1462 2461 1614 2528 Nativnm
1649 2468 1735 2530 enim
1765 2469 1835 2530 eius
1865 2486 2059 2551 praenomen
2091 2468 2124 2530 in

502 2582 661 2668 baptismo
684 2581 715 2642 ei
737 2580 845 2672 datum
867 2589 937 2641 eret
958 2573 1117 2654 Inridere,
1146 2576 1180 2638 in
1202 2577 1267 2638 vita
1289 2578 1451 2648 communi
1473 2591 1691 2656 contracmm,
1718 2579 1751 2643 in
1774 2577 1864 2657 Iori,
1893 2577 1976 2664 qnod
1998 2580 2127 2664 quidem

501 2698 606 2782 iprum
625 2691 721 2756 lones
742 2687 842 2754 latine
863 2687 1008 2754 scribens
1031 2687 1145 2752 Ioriur
1167 2683 1283 2752 ellerro
1305 2685 1441 2752 solebat.
1487 2675 1542 2754 Sic
1563 2692 1618 2776 qui
1638 2687 1799 2756 Siclaerrt
1813 2688 1995 2756 Phoeniciis
2009 2686 2127 2756 litteris

502 2824 552 2894 *il
574 2801 777 2881 scribebant,
800 2824 856 2888 per
878 2822 914 2866 se
936 2800 1068 2866 absurdi
1091 2821 1155 2864 non
1178 2812 1284 2863 erant:
1308 2820 1403 2886 quom
1420 2821 1497 2865 vero
1520 2823 1561 2866 ex
1582 2801 1696 2867 Servio
1712 2816 1853 2878 constet,
1875 2799 1965 2866 illam
1989 2801 2126 2870 formam

502 2943 521 2984 a
550 2915 692 3004 Virgilio
722 2917 850 2980 demum
877 2911 1015 2978 effictam
1037 2932 1127 3005 esse,
1165 2924 1201 2974 ut
1222 2908 1348 2975 nativae
1370 2911 1458 2978 illius
1480 2913 1699 2999 (Sicbarbae)
1726 2918 1885 3002 asperitas
1913 2915 2125 3000 mitigaretur,

503 3037 653 3119 apparet,
685 3043 757 3091 eam
785 3035 893 3112 utpote
923 3025 1144 3090 aeneadarinm
1174 3043 1238 3086 non
1267 3026 1370 3111 magis
1400 3027 1439 3090 ad
1468 3040 1595 3112 etymon
1625 3025 1755 3114 aliquod
1777 3029 1960 3114 proximum
1981 3032 2128 3094 revocari

502 3159 615 3234 posse,
651 3158 745 3226 quam
774 3155 875 3225 germ.
888 3137 1044 3244 ἕψῃ,
1078 3135 1163 3222 qnod
1185 3133 1270 3200 male
1292 3137 1333 3202 ad
1356 3143 1476 3204 morer
1496 3137 1767 3231 significationem
1790 3137 1938 3206 retuleris
1946 3185 1957 3218 ,
1986 3161 2126 3228 quomo

502 3255 649 3344 pleniore
673 3235 996 3354 Gnilglminannrtrlm
1018 3252 1072 3314 air.

633 3339 811 3432 tifilam
838 3361 1021 3450 intedignm
1050 3359 1207 3444 lectores,
1243 3361 1403 3450 quomodo
1430 3365 1463 3428 in
1486 3363 1671 3430 huiusmodi
1694 3361 1879 3431 nominibus
1901 3365 2128 3433 contrahendis

504 3479 771 3564 decurtnndirqrre
803 3479 921 3541 terenti
948 3478 1012 3542 rint
1037 3475 1108 3539 rire
1136 3472 1238 3541 Poeni
1266 3476 1335 3540 eive
1364 3473 1480 3542 Graeci
1508 3491 1540 3542 et
1568 3476 1724 3558 Romani,
1759 3481 1885 3564 potiora
1911 3477 2059 3568 exempla
2087 3481 2127 3546 ed

504 3593 660 3682 quaedam
684 3593 789 3676 capita
811 3580 964 3654 revocare
983 3585 1098 3674 placet.
1142 3587 1216 3654 Nnn
1238 3587 1344 3654 eolnm
1365 3591 1451 3654 enim
1464 3587 1613 3678 singulae
1627 3589 1773 3670 litterae,
1794 3591 1935 3658 maxime
1953 3589 2129 3673 molliores,

503 3719 654 3772 extrusae
676 3717 750 3770 mm
772 3713 805 3768 et
826 3702 991 3781 abiectae,
1016 3703 1073 3766 red
1095 3703 1242 3790 integrae
1264 3704 1361 3766 etiem
1383 3700 1527 3786 syllabae
1550 3705 1723 3789 perierunt.
1766 3703 1816 3789 Ac
1833 3706 1987 3792 magadae
2001 3707 2127 3792 quidem

503 3817 640 3886 litterae
663 3816 809 3884 abiectae
831 3826 907 3880 ruet
927 3817 960 3898 a)
983 3813 1025 3879 od
1047 3821 1166 3894 r‘rrr'tr'o,
1196 3812 1295 3878 velati
1316 3833 1335 3879 r
1359 3813 1579 3910 lssQ‘lilil'
1601 3835 1660 3902 pro
1678 3835 1781 3912 2119?
1773 3835 1880 3910 ἐξ..
1923 3817 1957 3900 b)
1978 3819 2128 3897 emedio,

501 3931 601 3997 veluti
621 3931 640 3997 t
657 3931 719 4018 (a)
737 3933 771 3994 tn
787 3930 924 4000 brenen
939 3944 998 4013 pro
1015 3927 1194 4008 lernaea,
1216 3929 1353 4000 bearna
1374 3943 1431 4014 pre
1450 3930 1622 4010 bracena,
1643 3927 1839 4017 iugurtheu)
1853 3949 1912 4028 pro
1926 3929 2134 4022 ingestioni

504 4045 566 4133 (cl.
589 4043 743 4118 Gulalsa,
773 4039 961 4128 Magdalsa,
989 4037 1188 4127 Narthalns)
1209 4047 1255 4122 *);
1293 4041 1316 4104 d
1344 4043 1377 4104 in
1407 4040 1616 4127 Ballorryrrrrre
1637 4063 1696 4128 pro
1718 4041 1953 4128 Budlortysrrrr,
1986 4044 2129 4110 Gentiles

504 4177 562 4243 pro
587 4156 772 4231 cadesim
803 4175 821 4217 c
845 4153 907 4239 (a)
924 4155 957 4217 in
975 4153 1155 4251 ΜΕ
1163 4173 1222 4238 pro
1236 4133 1638 4256 erenaea,(aapba)pro
1660 4175 1732 4245 nep
1753 4158 1840 4243 “ibim
1870 4175 1899 4222 ee
1921 4159 1955 4221 in
1977 4155 2127 4222 lleralcrr

503 4290 563 4356 pro
590 4269 760 4335 Oraalcee.
803 4267 887 4352 c)ia
910 4265 1291 4346 cenomannensibus,
1331 4263 1429 4331 veluti
1457 4267 1472 4332 i
1499 4269 1533 4332 in
1555 4267 1737 4366 ,MQQ
1753 4263 1924 4348 Matrica,
1946 4263 2124 4355 Iugurtha,

503 4381 591 4448 Iuba
624 4380 666 4448 el.
696 4403 777 4470 qnae
807 4383 892 4446 dicta
920 4391 996 4444 suat
1031 4400 1089 4466 pro
1126 4375 1300 4468 Mim'prpl,
1336 4375 1519 4460 Merrical,
1552 4373 1752 4470 Iugerilal,
1790 4379 1907 4462 Iobalr
1945 4385 2019 4446 item
2048 4403 2066 4444 r
2094 4383 2125 4444 in

501 4493 633 4560 Modica
665 4517 722 4581 pro
752 4491 921 4572 Melicae,
957 4514 996 4558 ro
1025 4512 1084 4578 pro
1115 4511 1172 4556 rar
1191 4493 1226 4556 in
1246 4489 1405 4572 Gulalea,
1427 4491 1615 4582 Magdelsa,
1653 4495 1693 4563 cl.
1716 4503 1805 4574 alxi,
1828 4503 1883 4576 εἰ,
1905 4502 1937 4561 rr'
1955 4515 2015 4581 pro
2037 4499 2128 4559 aisir·

502 4627 591 4678 natta
610 4629 744 4694 gramen
767 4608 853 4694 apud
874 4605 1004 4684 Dinon,
1031 4625 1073 4668 ne
1095 4605 1199 4668 dicam
1221 4603 1261 4668 de
1283 4604 1485 4672 memorabili
1506 4610 1683 4674 mutatione
1705 4607 1900 4695 syllabarum
1922 4608 1960 4672 al
1978 4621 2010 4672 et
2031 4629 2072 4672 or
2091 4611 2124 4672 in

504 4723 522 4784 d
546 4723 595 4806 (ς.
617 4725 670 4800 ii,
688 4722 744 4806 i);
772 4722 910 4806 deniqne
936 4719 1005 4782 lin
1027 4717 1156 4816 Mr'lcar
1173 4738 1231 4804 pro
1253 4716 1422 4798 Milcartlr,
1452 4720 1558 4786 Arioi·
1578 4720 1810 4808 probatorem
1832 4721 1896 4802 (cl.
1916 4717 2105 4806 Bodostor).

554 4913 579 4978 *i
604 4915 819 4970 Occurretlorte
840 4911 946 4982 aliquis,
967 4912 1001 4966 de
1021 4911 1071 4964 beo
1088 4910 1220 4965 mutantia
1238 4911 1281 4964 in·
1350 4913 1491 4980 scribitur,
1526 4913 1651 4984 idemque
1679 4915 1708 4967 in
1734 4911 1885 4968 nominibus
1918 4910 2048 4968 llebrreie
2075 4931 2125 4968 narr

501 5013 570 5086 regri
588 5017 716 5070 vocabuli
738 5001 798 5070 bra
813 5019 856 5069 tot
873 5033 953 5068 anem
975 5021 1076 5068 tautum
1096 5013 1210 5068 litteram
1234 5030 1279 5066 ru-
1349 5015 1462 5084 venire,
1487 5031 1555 5084 quea
1572 5016 1689 5070 nominis
1707 5013 1784 5068 rtrrr
1801 5011 1930 5070 extremis
1947 5015 2062 5070 vocibus
2078 5021 2126 5070 ed·

500 5131 626 5187 pererra,
645 5118 726 5188 idque
740 5135 848 5172 ornnem
860 5119 940 5172 lidenr
954 5133 1092 5186 raperere.
1118 5117 1199 5170 lieno
1212 5131 1280 5170 raro
1349 5110 1413 5194 iperi
1430 5127 1512 5180 saepe
1528 5115 1639 5168 unicum
1657 5111 1800 5184 vosagium
1817 5117 1927 5166 serram
1945 5110 1972 5164 in
1992 5131 2009 5164 a
2026 5113 2126 5178 vocali,

500 5227 648 5268 memorem
671 5232 731 5269 esre
747 5215 842 5284 iubeo,
864 5214 893 5268 id
912 5215 998 5284 iprum
1016 5213 1044 5266 in
1064 5212 1280 5267 nomineSrrirn-
1348 5213 1425 5268 velut
1457 5201 1541 5297 ⁷an
1571 5231 1622 5284 pro
1652 5201 1781 5296 3ζῇζῖξὶ
1816 5212 1890 5296 'billi
1923 5227 1973 5281 pro
2002 5213 2124 5296 l'isspqn,

498 5315 535 5367 ta
569 5315 807 5386 procumpens,
840 5318 915 5387 quod
944 5316 974 5370 ta
1004 5314 1092 5370 nana
1118 5299 1278 5366 trenaee
1349 5302 1428 5395 «pipp
1446 5303 1638 5397 maggen,
1656 5315 2124 5384 r.8inenieoaon„v.T.p.⁵it.
