4924 6304
395 645 536 716 lusca.
552 645 678 714 SARD.
692 645 753 712 ΕΤ
767 644 846 714 SIC.
876 645 1000 714 XLIV.
1013 645 1154 716 lNSCll.
1168 648 1299 717 MARS.
1327 651 1436 718 XLV.
1454 652 1618 722 GEMMA
1633 655 1834 726 SARDlGA.
1880 672 1948 740 161

328 833 394 904 Cit.
426 841 467 902 10
494 849 596 914 extr„
627 831 873 920 Bartbelemyus
902 835 1022 902 dudum
1056 836 1239 902 observavit
1265 851 1297 901 et
1327 837 1377 902 vel
1402 861 1445 906 ex
1475 861 1514 904 ao
1543 858 1689 928 apparet,
1717 847 1800 931 quod
1830 871 1948 938 magna

324 951 529 1034 intercapedo
558 959 608 1012 est
634 949 719 1012 inter
741 945 803 1013 hoo
825 950 952 1035 signum
975 963 1008 1014 et
1028 947 1168 1014 litteram
1195 963 1381 1015 extremam.
1430 949 1544 1017 Nihilo
1577 959 1682 1022 minus
1711 957 1859 1042 luerunt,
1893 966 1947 1051 qui

320 1059 407 1125 banc
423 1059 557 1148 figuram
574 1059 714 1126 litterum
729 1083 801 1126 esse
817 1076 1005 1140 censerent,
1035 1065 1070 1126 in
1084 1083 1147 1147 qua
1165 1063 1293 1146 quidem
1311 1061 1494 1134 definienda
1506 1080 1612 1132 tamen
1626 1070 1658 1132 in
1673 1069 1799 1136 diversa
1816 1072 1945 1140 alreunt.

321 1170 470 1260 Namque
491 1173 720 1240 Burmannus
741 1173 819 1262 (vit.
842 1171 1004 1259 Tycbseo.
1024 1161 1067 1253 ll,
1088 1181 1108 1238 2
1128 1196 1159 1259 p.
1171 1174 1254 1253 560)
1276 1188 1309 1237 ct
1329 1174 1476 1240 Laenius
1488 1175 1511 1242 l.
1528 1201 1556 1244 c.
1572 1201 1643 1244 eam
1662 1201 1683 1267 p
1701 1203 1774 1247 esse
1788 1199 1944 1268 statuunt,

321 1283 479 1372 Koppr'er
500 1284 633 1371 (Bilder
648 1311 679 1352 u.
694 1285 856 1368 Scbrilten
878 1285 909 1352 11
927 1310 959 1373 p.
977 1287 1062 1371 200)
1083 1307 1124 1366 ιι,
1147 1284 1353 1352 Haerederur
1375 1287 1534 1367 (Miscell.
1557 1313 1586 1376 p.
1601 1295 1654 1378 94)
1675 1293 1750 1374 Jod,
1773 1317 1942 1383 equorum

320 1419 454 1494 nurnero
484 1421 566 1465 unus
596 1400 740 1465 Lanoius
767 1398 850 1464 hanc
878 1403 976 1466 totius
1003 1401 1224 1486 inscriptionis
1247 1397 1490 1484 explicationem
1517 1409 1696 1489 proposuit:
1742 1423 1777 1499 3:
1804 1411 1945 1481 inuuere

320 1512 435 1598 pabor:
458 1510 774 1593 Jnfardeul,filr'er
794 1511 985 1578 Mnrleodek
1008 1511 1107 1599 (near
1130 1537 1172 1570 =
1184 1527 1276 1611 ja?
1300 1516 1480 1593 terrestris,
1511 1515 1660 1597 humilia,
1697 1521 1773 1584 inde
1800 1525 1942 1593 brunner

318 1628 451 1697 humilis
471 1653 499 1696 a.
518 1631 662 1698 abiectus
679 1630 771 1714 Beli,
802 1635 916 1721 pnben
940 1631 1052 1698 tributi
1073 1629 1268 1715 exactori),
1297 1652 1391 1717 quarn
1412 1645 1519 1698 tamen
1537 1635 1687 1702 retulisse
1705 1638 1855 1706 sulliciat.

1069 1781 1195 1848 XLIV.

584 1901 1052 1970 INSCRIPTIO
1097 1899 1677 1970 'MARSALENSIs

444 2039 519 2105 Hoc
552 2062 693 2106 marmor
719 2042 753 2104 in
785 2037 919 2104 aedibus
949 2038 1069 2126 publici
1091 2039 1298 2123 magistratus
1317 2059 1402 2102 anno
1426 2043 1508 2103 1779
1529 2039 1682 2106 effossum
1704 2057 1753 2108 est
1773 2047 1806 2108 in
1830 2045 1940 2114 Insula

317 2151 366 2218 St.
383 2151 546 2232 Pantulei,
574 2156 608 2217 in
632 2175 694 2240 qua
715 2151 860 2236 Motyam
874 2153 986 2217 urbem
1000 2153 1096 2224 sitam
1111 2149 1211 2214 inisse
1226 2147 1372 2213 nonnulli
1387 2153 1596 2216 contendunt:
1621 2176 1706 2218 nunc
1718 2155 1891 2224 Mazzarae
1906 2163 1940 2226 in

316 2264 431 2331 Sicilia
459 2278 652 2330 asservatur.
703 2263 935 2352 Apograpbum
964 2287 984 2328 a
1013 2262 1148 2328 Rosario
1169 2257 1298 2348 Alagna
1320 2265 1453 2328 missum
1477 2265 1597 2349 primus
1618 2267 1718 2333 edidit
1740 2266 1938 2338 Casuenuus
2040 2353 2042 2358 ,

316 2398 364 2440 nn
387 2375 619 2443 Toaanrruzzt
639 2375 661 2442 l.
679 2401 707 2444 c.
732 2400 803 2464 pag.
821 2383 882 2442 323
907 2379 953 2442 ed.
970 2385 1007 2459 2,
1046 2374 1129 2462 quod
1150 2377 1255 2439 minus
1277 2389 1423 2439 accurate
1444 2380 1641 2462 repetierunt
1665 2380 1700 2444 0.
1727 2382 1767 2450 G.
1796 2383 1939 2471 Tyclren

315 2491 351 2554 in
383 2487 467 2555 Nor.
495 2489 566 2556 Aet.
594 2489 704 2576 Upsal.
731 2489 797 2555 Vll
818 2514 848 2577 p.
870 2497 912 2557 97
940 2505 972 2556 et
1000 2487 1244 2575 Liedbergr'ur,
1282 2486 1322 2550 de
1345 2490 1442 2553 inser.
1469 2487 1574 2556 Melit.
1605 2492 1669 2558 tab.
1694 2499 1732 2574 5,
1767 2499 1821 2582 qui
1843 2501 1939 2564 etiam

315 2601 413 2670 aliam
434 2603 553 2690 lapidis
576 2601 824 2670 delineationem
846 2627 865 2668 a
888 2602 1061 2669 'l'horlacio
1083 2599 1236 2666 Mazarae
1259 2598 1376 2664 iactam
1398 2617 1564 2667 memorat.

444 2715 551 2804 lpsnm
576 2715 710 2783 Cascelli
729 2717 934 2805 exemplum,
957 2718 1043 2805 qnod
1064 2737 1124 2782 nos
1146 2715 1292 2778 dedimus
1314 2712 1379 2778 tab.
1395 2721 1446 2794 14,
1468 2713 1664 2782 hauddubie
1679 2717 1852 2810 legendum
1872 2738 1936 2791 est:

707 2852 767 2923 :ib
798 2855 878 2955 'inp
1158 2827 1387 2930 Sepulcrum
1412 2829 1549 2906 Meno.

711 2987 819 3062 'isslr'i
851 2992 877 3061 Ἰ
1153 2992 1191 3040 rt
1186 2963 1340 3070 'figuli

444 3105 538 3185 Quod
566 3105 770 3192 'l'ychsenius
798 3133 831 3174 n.
859 3133 905 3196 pr.
933 3110 1052 3196 sepulti
1079 3110 1159 3197 legit
1188 3127 1267 3200 pne,
1295 3094 1558 3244 Lindbergiusl.
1579 3131 1606 3176 c.
1628 3133 1701 3198 pag.
1725 3119 1766 3180 39
1790 3131 1875 3204 pen,
1904 3119 1938 3184 id

314 3225 421 3287 rninos
442 3223 600 3287 accuratis
622 3221 780 3308 exemplis
803 3223 1007 3288 tribuendum
1030 3239 1089 3290 est.

1073 3374 1182 3440 XLV.

789 3489 1054 3558 GEMMA
1114 3489 1468 3558 SARDICA.

448 3643 497 3708 Ab
518 3601 659 3711 ailberto
681 3646 769 3712 delle
789 3645 961 3711 Marmora
985 3657 1146 3731 acceptam
1167 3648 1292 3732 primus
1314 3647 1415 3710 edidit
1437 3643 1594 3710 Granum
1615 3649 1649 3711 in
1669 3648 1832 3715 Memoris
1849 3653 1937 3720 dello

314 3755 519 3824 decadentia
546 3760 584 3823 di
611 3763 736 3824 Ter-ino
765 3757 805 3824 T.
830 3757 970 3825 XXXV
1004 3757 1054 3822 Cl.
1083 3780 1164 3824 mor.
1192 3772 1224 3821 et
1254 3755 1332 3845 phil.
1365 3782 1396 3844 p.
1426 3764 1463 3838 3,
1502 3781 1574 3824 cum
1604 3759 1694 3825 brevi
1723 3760 1936 3846 explicatione

314 3869 429 3936 Αιιιιι.
451 3871 637 3952 Puraosrs,
673 3875 726 3959 qui
750 3887 837 3938 recte
859 3874 958 3954 vidit,
991 3885 1140 3960 quattuor
1161 3870 1284 3938 litteras
1305 3871 1459 3959 legendas
1481 3892 1553 3936 esse

1066 4007 1177 4078 iffi?

315 4131 348 4194 id
371 4149 448 4192 vero
469 4126 661 4215 appellative
683 4131 902 4214 aecipiendum
924 4132 1106 4208 existimat,
1142 4132 1211 4194 sire
1234 4132 1353 4194 cultum
1381 4134 1450 4195 aire
1473 4132 1628 4194 cultorem
1650 4129 1790 4198 denotet.
1833 4130 1937 4202 Nobis

316 4264 382 4307 nou
412 4242 546 4306 dubium
577 4255 643 4322 est,
682 4246 757 4329 quin
787 4265 891 4330 n.pr.
920 4242 1147 4322 sithominis,
1193 4246 1245 4330 qui
1275 4242 1338 4307 boc
1366 4241 1473 4331 sigillo
1506 4245 1555 4308 nti
1588 4240 1732 4323 solebat,
1770 4243 1942 4370 legendum

317 4353 396 4420 illud
419 4356 547 4442 qnidam
570 4374 658 4450 aasz
679 4359 719 4441 (i.
744 4377 773 4420 e.
796 4359 903 4421 cultor
924 4379 968 4422 sc.
989 4355 1126 4441 Dei)v
1149 4353 1211 4420 Cit.
1236 4361 1288 4421 23.
1312 4363 1364 4420 24.

702 4655 710 4663 ·
800 4643 1048 4711 CAPUT
1098 4643 1464 4721 QUINTUM.

370 4782 1042 4860 INSGBIPTIONES
1106 4779 1888 4859 CARTHAGINENSES.

446 4953 483 5020 In
522 4957 643 5018 veteris
679 4950 886 5038 Carthaginis
923 4949 1119 5028 ruderibus,
1163 4970 1245 5052 quae
1286 4971 1388 5034 nuper
1426 4949 1554 5013 demum
1591 4949 1711 5011 eximia
1744 4948 1849 5015 Falbii
1890 4953 1941 5033 (r.

314 5089 393 5155 pag.
415 5067 455 5150 8)
475 5081 578 5154 atque
607 5065 744 5132 Duravii
772 5065 936 5152 (Donato
962 5085 1007 5127 na
1038 5085 1079 5127 aa
1110 5061 1237 5127 Munna
1267 5060 1473 5127 Reederoder
1501 5083 1558 5126 rer
1587 5061 1621 5125 lu
1649 5062 1868 5150 topographis
1899 5065 1939 5130 de

167 5227 175 5251 .
318 5179 502 5268 Carthago.
551 5181 646 5246 Acce
681 5179 739 5245 der
775 5189 869 5245 soter
905 5179 946 5244 de
980 5178 1033 5243 M.
1064 5174 1230 5263 Bargate.
1267 5175 1358 5239 Paris
1394 5179 1485 5240 1835.
1524 5173 1575 5258 8.)
1620 5195 1720 5260 opera
1754 5174 1940 5264 diligentius

313 5295 480 5380 descripta
500 5305 532 5358 et
554 5295 645 5358 docte
667 5291 826 5357 illustrata
847 5303 940 5370 sunt,
972 5304 1045 5356 ante
1068 5311 1186 5354 annum
1211 5293 1292 5354 1817
1316 5285 1439 5352 nullum
1461 5289 1579 5353 veteris
1600 5291 1777 5374 scripturae
1800 5288 1945 5378 linguae-

313 5427 382 5494 que
411 5421 652 5472 monumentum
684 5409 866 5487 inventum,
909 5401 1033 5471 nullum
1061 5419 1146 5472 certe
1182 5405 1216 5469 in
1245 5401 1350 5470 lucem
1388 5399 1546 5488 publicam
1582 5403 1701 5469 editum
1738 5417 1804 5483 est,
1844 5425 1942 5491 quan-

1541 5529 1579 5589 21
