5004 6306
436 657 553 728 NUMI
574 653 763 728 SICILIAE
785 652 846 726 EI*
867 651 1185 728 aomcan'rttm
1205 653 1479 728 INSULARUM.
1522 659 1587 728 lx.
1608 657 1865 730 PANOIIMUS·
1930 664 2006 742 289

512 847 648 927 Nomou,
671 847 787 934 quihus
801 865 889 918 urna
904 849 1090 932 inreriptum
1102 861 1163 926 aut,
1177 868 1290 918 revera
1304 847 1548 918 Panormitanoa
1564 869 1646 928 ease,
1666 863 1699 912 et
1711 865 1799 920 nanu
1814 848 1918 930 huius,
1941 871 2005 918 nou

381 961 477 1041 aliua,
499 960 589 1026 urbia
602 959 731 1026 Siculae
748 981 962 1040 cameracae,
979 958 1134 1048 colligunt
1145 967 1179 1044 a)
1199 983 1240 1028 ex
1251 959 1422 1038 attributiu,
1438 982 1572 1046 quorum
1587 959 1739 1046 pleraque
1754 965 1850 1030 etiam
1861 965 1895 1028 in
1909 967 2006 1032 certia

381 1076 618 1141 Panormitania
632 1087 836 1158 compareant
851 1075 895 1158 (v.
913 1071 1060 1137 Mionnet
1075 1071 1115 1138 Τ.
1130 1072 1145 1136 l
1161 1096 1193 1164 p.
1209 1075 1295 1160 277);
1312 1071 1345 1156 h)
1360 1094 1402 1136 ex
1418 1093 1457 1136 eo
1473 1073 1557 1159 quod
1572 1073 1607 1136 hi
1623 1076 1712 1137 nurui
1725 1077 1871 1162 argentei
1888 1097 2006 1163 magna
2038 1113 2044 1132 ·

381 1191 474 1275 copia
495 1190 529 1252 in
550 1188 668 1253 vicinia
690 1185 841 1254 Panormi
870 1188 988 1276 reperti
1010 1199 1101 1261 aunt3
1138 1189 1169 1268 c)
1198 1186 1283 1274 quod
1305 1186 1435 1274 egregia
1457 1207 1567 1250 corum
1589 1185 1712 1252 fabrica
1735 1187 1845 1252 urbem
1867 1192 2005 1274 patriam
2038 1263 2045 1282 .

381 1302 495 1390 prodat
512 1319 662 1386 magnam
678 1314 710 1362 et
725 1297 926 1386 opulentam,
952 1297 1078 1362 urbium
1094 1312 1200 1362 autem
1216 1296 1395 1366 Sicularum
1409 1319 1429 1360 a
1445 1297 1559 1362 Poenis
1574 1299 1775 1364 conditarum
1789 1297 1878 1364 nulla
1890 1305 2004 1382 maior,
2061 1291 2063 1297 Α
2146 1375 2151 1384 ,

381 1413 472 1480 nulla
494 1410 672 1502 opulentior
690 1411 787 1475 fuerit
806 1411 967 1476 Panormo
990 1411 1040 1495 (v.
1064 1408 1269 1494 Barthelemy
1291 1410 1315 1474 l.
1331 1434 1357 1476 c.
1379 1423 1411 1473 et
1431 1409 1556 1476 Dotena
1571 1435 1601 1497 p.
1617 1417 1698 1490 207,
1727 1415 1781 1498 qui
1798 1411 1880 1476 hena
1896 1395 2006 1480 contra

381 1521 582 1596 Swintonaur
615 1526 805 1609 disputavit,
841 1523 902 1588 hoa
931 1544 1046 1590 numos
1075 1523 1206 1604 Mania,
1244 1546 1345 1611 parvo
1377 1527 1410 1588 in
1434 1521 1565 1588 Siclliae
1595 1525 1856 1604 ruodlterranaia,
1889 1529 2005 1612 oppido

380 1640 565 1723 tribuenti).
609 1634 655 1706 Ut
677 1637 800 1718 dicam,
824 1637 908 1724 qnod
930 1658 983 1703 rea
1004 1650 1064 1716 eat,
1086 1639 1224 1722 prImum
1248 1651 1280 1704 et
1301 1640 1430 1706 tertium
1452 1653 1674 1724 argumentum
1696 1640 1792 1706 edam
1808 1660 1879 1704 cunr
1895 1661 2006 1710 acrum

305 1765 307 1771 ‘
382 1755 543 1822 sententia
570 1748 736 1818 conciliari
762 1763 912 1838 possent,
950 1751 1004 1836 qui
1040 1749 1100 1816 hoa
1132 1729 1247 1816 numos
1277 1749 1445 1838 Syracusis
1474 1749 1617 1820 tribuunt
1650 1753 1661 1833 (
1669 1771 1697 1812 v.
1727 1749 1811 1819 inira
1840 1753 1879 1824 de
1910 1775 2006 1826 numo

382 1863 580 1949 Golaiano),
617 1867 652 1930 in
682 1864 775 1928 cniua
810 1876 940 1930 moneta
968 1863 1080 1928 endem
1112 1864 1265 1932 attributa
1298 1859 1498 1954 conciperent:
1537 1864 1595 1930 aad
1623 1863 1817 1942 secundum,
1853 1867 1937 1952 quod
1972 1869 2006 1936 in

382 1981 570 2067 quaestione
592 1977 632 2042 da
653 1997 824 2044 numerum
845 1977 951 2062 petria
971 1980 1142 2066 permagni
1166 1979 1322 2046 momenti
1344 1991 1410 2058 eat,
1449 1974 1615 2066 vulgarem
1637 1979 1830 2044 seutentiam
1851 1979 1898 2044 ita
1922 2001 2007 2048 com-

383 2092 531 2171 mendat,
565 2103 600 2156 ut
621 2091 652 2152 ei
673 2089 826 2153 accedere
848 2086 931 2152 nihil
952 2087 1106 2154 dubitem.

510 2202 562 2268 De
584 2224 645 2268 aex
666 2199 885 2286 exemplorum
906 2203 941 2264 in
962 2198 1078 2264 litterir
1101 2202 1269 2286 pingendis
1294 2205 1445 2267 varietate
1468 2201 1548 2267 haec
1570 2201 1771 2267 observanda
1793 2215 1878 2268 aunt.
1923 2204 2008 2272 Aet

384 2315 412 2382 B
440 2313 589 2402 exempla
617 2329 693 2380 aunt
718 2317 860 2378 omnium
889 2315 1099 2399 Integerrlma
1127 2328 1159 2377 at
1185 2312 1434 2402 elegantisrima.
1478 2314 1515 2380 In
1536 2313 1563 2379 C
1585 2317 1657 2381 Ain
1676 2312 1773 2378 hahet
1796 2314 1965 2382 candalum
1988 2341 2008 2384 a

383 2431 514 2496 riniatra
534 2421 592 2516 (ut¹
611 2425 672 2492 litt.
694 2425 724 2490 G
747 2447 768 2490 a
788 2427 922 2511 dextra)
946 2425 986 2490 cl.
1002 2446 1076 2511 pag.
1089 2431 1142 2490 40.
1158 2433 1219 2507 41,
1242 2430 1275 2491 in
1294 2425 1489 2512 Dpuuctum
1504 2430 1536 2492 in
1554 2429 1679 2506 medio,
1708 2442 1743 2491 ut
1755 2449 1851 2514 saepe
1868 2427 2006 2498 Graeco·

384 2564 456 2608 rum
479 2539 648 2606 Omicron:
671 2542 705 2604 in
730 2541 842 2604 eodem
866 2537 945 2604 Nun
964 2537 1062 2603 habet
1083 2543 1191 2603 neacio
1213 2542 1288 2626 quid
1310 2562 1330 2602 a
1350 2541 1465 2604 dextra
1486 2555 1594 2626 parte,
1617 2541 1703 2626 quod
1724 2553 1829 2604 tamen
1855 2545 2004 2610 vitiosum

383 2657 519 2720 videtur.
563 2652 600 2718 ln
622 2651 682 2716 litt.
704 2653 732 2718 E
755 2653 931 2716 notandum
953 2664 1004 2715 eat
1024 2649 1115 2715 Mem
1137 2667 1254 2736 puncta
1276 2651 1398 2740 haban·
1422 2675 1479 2738 pro
1500 2652 1597 2716 lineia
1619 2651 1682 2736 (cl.
1705 2649 1765 2715 Cit.
1784 2658 1842 2732 20,
1866 2653 1923 2719 lio.
1945 2657 2005 2743 1),

384 2767 417 2831 dt
442 2766 525 2833 Cluui
551 2787 651 2852 prope
677 2766 834 2832 accedens
853 2765 894 2849 ad
920 2763 1002 2828 otor
1026 2766 1200 2848 scripturae
1222 2765 1405 2850 quadratae.
1445 2764 1483 2829 ln
1505 2761 1542 2830 F
1568 2777 1618 2830 eat
1640 2763 1726 2828 idem
1752 2763 1851 2846 oter,
1881 2767 2006 2858 reliqua

383 2878 538 2967 legitima.
583 2875 732 2944 Ceterum
756 2879 783 2942 E
807 2893 840 2942 et
860 2875 887 2941 F
907 2878 1129 2942 recentissima
1154 2873 1303 2962 exempla
1326 2897 1453 2941 cenreo.

511 2973 553 3057 2.
582 2991 671 3058 Idem
687 3005 797 3076 typus,
820 2991 877 3056 red
894 2987 1001 3077 paullo
1016 2986 1145 3075 plenior
1161 2988 1356 3076 epigraphe,
1379 2990 1488 3054 addito
1505 2987 1653 3070 articulo,
1677 3013 1770 3080 quem
1787 2992 2006 3058 accelerabat

386 3104 480 3170 huius
500 3105 641 3169 comicia
663 3106 783 3188 proprii
805 3105 903 3168 ratio:

1071 3205 1217 3282 nuncu
1242 3205 1300 3289 ,ar

511 3353 600 3419 Vide
621 3351 682 3418 litt.
700 3349 729 3416 G
751 3373 794 3416 ex
815 3351 930 3450 Mnaeo
951 3351 1156 3433 Britannico,
1185 3353 1227 3418 ci.
1246 3355 1389 3420 eiusdem
1405 3359 1534 3444 generis
1550 3355 1698 3442 exempla
1713 3357 1797 3443 apud
1812 3353 2005 3460 Pellerinarn

386 3467 443 3548 lll,
460 3475 500 3534 88
515 3491 567 3532 no.
583 3465 763 3535 8.'Dutenr
780 3468 856 3530 dias.
873 3473 892 3529 2
908 3464 971 3528 tab.
988 3471 1007 3528 2
1022 3486 1076 3528 no.
1090 3472 1120 3528 1.
1144 3463 1250 3548 Bnyer
1267 3468 1316 3530 ed.
1326 3488 1425 3552 germ.
1442 3475 1458 3532 1
1477 3491 1529 3532 no.
1543 3479 1575 3534 4.
1598 3470 1746 3535 Mionnet
1762 3470 1826 3534 tab.
1837 3477 1877 3535 20
1893 3494 1944 3536 no.
1955 3477 2005 3536 18.
2100 3493 2102 3497 ·

513 3605 545 3664 3.
591 3599 699 3684 Caput
731 3593 887 3664 muliebre
916 3593 1115 3682 (Arethusa)
1151 3602 1307 3680 quattuor
1335 3595 1481 3682 placidus
1516 3603 1655 3662 cinctum
1692 3599 1738 3665 ud
1776 3601 1928 3672 dextrum
1962 3600 2004 3664 al.

390 3713 498 3800 Caput
527 3709 683 3776 muliebre
713 3718 901 3775 ornamento
928 3707 1077 3798 Phrygio
1107 3704 1152 3770 ud
1172 3711 1234 3770 riu.
1271 3707 1296 3790 )(
1330 3707 1401 3770 Leo
1422 3707 1582 3792 gradiens
1604 3719 1683 3774 orate
1699 3713 1843 3798 palmam
1865 3713 1910 3776 ad
1929 3719 2004 3792 riu„

386 3825 427 3890 al.
450 3834 549 3912 caput
571 3831 649 3912 equi
668 3825 714 3888 ud
736 3831 924 3902 uicturam,
954 3842 1044 3910 pone
1060 3821 1185 3906 palma.
1226 3814 1314 3880 Inlra
1335 3815 1511 3905 epigraphe

619 3975 731 4052 mm
762 3974 851 4046 0920
1196 3948 1340 4052 populi
1361 3951 1605 4028 Mochunoth
1630 3953 1868 4052 (Panormi),

387 4107 474 4194 quod
508 4104 681 4192 respondet
712 4103 905 4191 epigraphae
940 4121 1076 4187 graecae
1114 4103 1441 4168 HANOPMITAN.
1498 4103 1583 4168 Vide
1623 4102 1684 4172 litt.
1716 4103 1748 4168 H
1778 4127 1820 4170 ex
1848 4105 2007 4172 Minnoeti

388 4213 621 4304 exemplo‚''l'.
644 4216 660 4283 1
689 4241 719 4304 p.
741 4221 803 4282 268
826 4237 877 4282 no.
898 4221 961 4281 468
991 4211 1057 4278 ab.
1079 4220 1134 4278 20·
1150 4237 1204 4281 uo.
1228 4221 1285 4293 14,
1322 4217 1406 4303 quod
1435 4217 1566 4281 dederat
1593 4220 1689 4280 etiarn
1713 4215 1918 4304 Barthhlamy
1939 4220 1960 4286 l.
1982 4243 2009 4286 c.

389 4353 441 4398 no.
462 4337 494 4398 9.
536 4329 635 4398 Aliud
657 4333 691 4395 in
711 4329 870 4415 Hispania
892 4339 1091 4393 asservatum
1113 4330 1273 4414 expremit
1295 4326 1403 4412 Bayar
1424 4332 1475 4395 od.
1498 4351 1600 4417 gom.
1623 4353 1679 4394 no.
1700 4337 1719 4397 8
1742 4333 1797 4418 (in
1821 4353 1885 4420 qno
1904 4336 2009 4419 prima

388 4481 495 4550 littera
517 4505 582 4549 non
605 4485 683 4548 natio
703 4483 870 4572 perspicua
890 4494 939 4544 cst
960 4494 991 4542 et
1013 4457 1089 4538 ἦ
1110 4481 1195 4566 picta
1218 4493 1267 4545 ast
1288 4502 1345 4568 pro
1377 4459 1451 4566 *ἦ
1479 4529 1489 4562 ,
1529 4483 1571 4550 cl.
1592 4485 1690 4548 ioacr.
1709 4481 1868 4548 Numidi
1889 4483 1944 4550 lin.
1959 4487 2005 4570 4),

389 4651 421 4701 et
438 4639 566 4705 tertium
587 4633 805 4723 Lindhcrgiua
827 4653 869 4698 ex
892 4629 1007 4698 Museo
1029 4629 1131 4720 Regio
1146 4631 1273 4700 Daniae
1289 4633 1354 4701 tab.
1369 4629 1431 4710 lv,
1446 4639 1476 4699 9.
1520 4633 1606 4702 'l'um
1621 4639 1654 4700 in
1669 4632 1819 4718 exemplo
1837 4633 2008 4702 Pariaienai
2153 4680 2155 4699 .

389 4787 455 4840 tuto
485 4773 520 4838 iu
547 4771 730 4840 Haunienai
759 4771 821 4856 (aa
848 4789 911 4854 quo
939 4767 1002 4836 hoc
1029 4770 1123 4838 modo
1155 4773 1262 4862 pinxit
1281 4766 1500 4852 Lindbargiua
1538 4753 1637 4872 L¹7)
1675 4773 1778 4855 prima
1807 4767 1913 4834 littera
1942 4786 2004 4836 tam

390 4908 595 4974 manifestum
609 4921 659 4973 eat
674 4905 793 4985 Selia,
816 4919 851 4972 ut
864 4923 960 4968 nemo
973 4925 1045 4969 earn
1068 4925 1131 4972 nou
1146 4925 1321 4990 agnoucerc
1343 4903 1462 4989 parcit,
1485 4924 1580 4996 quam
1595 4907 1651 4990 qui
1671 4908 1703 4968 in
1727 4902 2007 4989 PalaeographIcia

390 5018 484 5107 plane
507 5025 673 5087 caecutiat.
715 5019 813 5097 Quod
833 5015 1078 5101 Bartheleruyna
1100 5031 1132 5080 et
1154 5015 1297 5100 llayerca
1318 5037 1389 5079 eam
1414 5015 1469 5080 He
1492 5037 1564 5080 erae
1584 5019 1785 5098 existimant,
1813 5016 1844 5080 id
1867 5037 1908 5078 ex
1931 5031 2007 5081 noto

391 5130 609 5218 Barthelamyi
630 5155 740 5200 errore
762 5133 881 5219 pendet
901 5130 942 5196 ah
965 5133 1037 5217 ipro
1059 5143 1170 5215 postea
1186 5143 1347 5207 correcto,
1374 5149 1437 5212 qno
1459 5127 1548 5192 illam
1564 5127 1702 5194 litteram
1719 5131 1775 5195 He
1791 5151 1861 5194 eoae
1877 5127 2008 5214 putabat

392 5249 485 5333 (pag.
505 5251 557 5312 15.
571 5251 650 5330 ot),
678 5262 713 5312 ut
734 5249 860 5312 micaria
881 5245 961 5309 haec
978 5246 1114 5329 repetita
1134 5263 1206 5307 eme
1220 5263 1249 5316 ,a
1262 5241 1461 5327 Lindhergio
1485 5243 1630 5328 (p.17)t
1661 5242 1807 5330 Koppius
1825 5263 1894 5304 eam
1919 5241 2007 5306 Mea

391 5360 543 5448 putabat,
580 5360 665 5446 qnod
695 5363 798 5447 magia
827 5359 994 5424 ferendum
1015 5371 1082 5434 eat,
1114 5375 1293 5442 quanquam
1314 5354 1368 5422 hic
1389 5355 1568 5420 breviorem
1585 5358 1719 5421 caudam
1743 5353 1929 5444 neglexerat
1952 5353 2007 5433 (cl.

1608 5479 1648 5540 3⁷
