4978 6296
674 591 1642 716 msronrsurrsmnuareruaroaaarau.
1946 649 1971 718 7

523 838 693 900 Onomar
723 859 760 900 nr
782 839 1024 900 Tonnsuuaza
1056 834 1107 914 (r.
1134 837 1246 932 snpra)
1273 835 1399 898 Siciliae
1423 835 1615 920 popularum,
1648 830 1780 907 urbiam,
1811 855 1913 915 regam
1941 848 1969 892 et

368 989 370 999 .
434 957 626 1024 tyrannoram
655 955 764 1004 vetem
800 941 890 1004 numi.
935 941 1017 1002 Cum
1039 943 1100 1000 107
1121 939 1205 1000 abb.
1249 941 1393 1004 Panormi
1424 943 1517 1002 1781.
1556 940 1612 1000 tol.
1656 935 1838 1000 Auctarium
1862 939 1889 1000 Ι.
1921 935 1966 996 11.

440 1052 535 1110 1789.
561 1047 656 1104 1791.

517 1176 602 1236 Lura
624 1173 749 1233 Iosnru
771 1169 977 1247 Vaanoouuz
1009 1163 1131 1250 Ensnyo
1157 1168 1244 1230 sobre
1273 1165 1319 1230 lus
1341 1165 1432 1232 letrae
1452 1193 1506 1252 qpe
1525 1193 1557 1230 se
1576 1183 1750 1238 encaentron
1774 1195 1807 1232 en
1831 1175 1969 1252 antigone

366 1320 369 1335 .
435 1274 581 1339 medullae
595 1297 619 1358 y
641 1285 839 1334 monumentor
860 1267 897 1328 de
918 1267 1052 1352 Espnr‘ra.
1096 1270 1219 1332 Madrid
1243 1275 1335 1332 1752.
1382 1271 1414 1332 4.

524 1405 685 1468 Mrouaar.
701 1421 723 1462 A
738 1401 906 1461 Wrozaut
939 1397 1042 1458 Masei
1052 1397 1277 1460 Hedetuarr'nnr'
1296 1403 1328 1461 in
1344 1399 1508 1483 Hungnrin
1528 1424 1629 1464 numos
1651 1403 1788 1484 antiquos
1802 1397 1970 1481 descripsit,

439 1508 596 1574 marlotus
619 1519 647 1566 et
665 1517 771 1588 pantu
794 1505 928 1583 cognitos
949 1499 1044 1566 tandi
1064 1505 1181 1568 aaran&
1201 1505 1249 1564 M.
1279 1525 1297 1562 a
1322 1506 1380 1568 W.
1424 1506 1563 1568 vindob.
1589 1505 1683 1566 tort.
1727 1503 1853 1566 2Voll.
1894 1502 1927 1562 t.

1115 1739 1144 1814 t.
1162 1744 1204 1798 λ4.

480 1887 594 1958 Altero
615 1885 738 1954 saeculi
761 1889 863 1952 nostri
884 1889 1040 1953 decennio
1060 1889 1100 1952 ad
1122 1887 1221 1952 finem
1244 1901 1395 1975 vergente
1418 1890 1457 1954 ed
1481 1887 1682 1974 phoeniciam
1704 1907 1828 1975 qnoque
1846 1884 1974 1972 palaeo-

353 2001 519 2089 graphiam
542 2003 683 2066 animum
707 1998 869 2086 applicare
891 2005 996 2087 coepit
1016 1999 1213 2066 Unnunrous
1235 2001 1439 2066 Fnruunrcus
1460 2002 1632 2082 Korrrus,
1653 2004 1822 2066 universae
1844 1996 1974 2085 palaeo-

252 2157 259 2172 1
354 2114 507 2202 graphiae
529 2118 562 2179 in
585 2117 695 2200 paucis
718 2117 860 2200 peritus,
883 2113 1033 2178 hebraice
1057 2109 1112 2178 viri
1134 2115 1336 2179 mediocriter
1358 2116 1486 2193 doctus,
1515 2119 1607 2180 cuius
1630 2117 1669 2180 de
1692 2117 1849 2201 scripture
1870 2110 1975 2176 Phoe·

356 2230 463 2292 nicam
482 2225 720 2292 lucubrationes
743 2229 887 2312 quemvis
909 2231 1045 2313 exiguae
1073 2247 1188 2290 uorem
1219 2227 1296 2291 lere·
1315 2229 1348 2291 in
1379 2227 1441 2292 boc
1470 2229 1649 2294 studiorum
1678 2249 1798 2315 genere
1819 2223 1975 2312 epocham

355 2342 562 2405 constituunt.
606 2339 710 2404 Etiam
742 2354 837 2426 atque
866 2341 962 2404 etiam
992 2343 1020 2405 is
1051 2354 1193 2404 veterum
1224 2353 1502 2404 monumentorum
1529 2339 1758 2426 interpretibus
1782 2334 1975 2412 inculcabat,

355 2465 430 2518 ante
446 2455 554 2518 orunia
570 2465 654 2516 recte
672 2451 808 2538 legenda
825 2473 913 2532 esse,
941 2475 1022 2542 quae
1039 2437 1203 2540 eiplicare
1220 2451 1317 2516 velis:
1342 2450 1486 2540 singulas
1508 2449 1631 2518 litteras
1649 2475 1668 2517 a
1689 2449 1852 2517 similibus
1876 2447 1976 2536 probe

356 2567 600 2631 discernendas:
624 2568 729 2628 varias
754 2567 932 2650 scripturae
955 2565 1073 2632 classes
1095 2554 1355 2653 dlitinguendas:
1385 2586 1557 2650 omnesque
1577 2556 1692 2630 alacris
1715 2565 1837 2650 ingenii
1860 2581 1976 2626 nervos

357 2701 423 2750 uon
452 2681 523 2744 sine
552 2657 654 2744 fructu
682 2679 841 2758 intendit,
871 2693 907 2747 ut
927 2678 1167 2766 Philologorum
1198 2682 1323 2746 animos
1353 2681 1388 2744 in
1418 2693 1519 2744 artem
1541 2675 1839 2766 palaeographicam
1868 2671 1976 2758 aple-

357 2795 464 2878 risque
478 2793 593 2860 mirum
609 2805 761 2877 quantum
775 2791 954 2879 neglectam
968 2806 1180 2864 converteret.
1212 2791 1257 2860 At
1268 2789 1542 2878 palaeographiae,
1561 2811 1639 2876 quas
1653 2791 1870 2864 constituerat,
1886 2783 1976 2870 leges

358 2907 519 2972 mordicus
540 2919 654 2970 teneus
674 2927 773 2992 saepe
802 2907 836 2970 in
857 2903 1147 2991 linguaecannnes
1167 2907 1298 2992 iniquus
1318 2905 1381 2970 fuit
1402 2906 1606 2992 graviterque
1633 2903 1793 2989 peccarit,
1825 2913 1872 2978 et,
1902 2897 1978 2962 lieet

358 3017 456 3092 alieni
477 3019 596 3082 erroris
619 3020 727 3103 (saepe
749 3020 846 3082 etiam
868 3020 1002 3104 opinati)
1025 3019 1249 3104 cupidissimus
1271 3038 1386 3082 censor
1409 3031 1442 3080 et
1460 3018 1622 3081 interdum
1636 2999 1801 3092 morosus,
1826 3031 1976 3078 nonraro

356 3145 463 3195 tamen
484 3132 555 3214 ipse
578 3132 612 3193 in
634 3130 950 3215 interpretationibus
971 3135 1039 3196 suis
1055 3132 1261 3196 enormitates
1284 3131 1425 3210 admisit,
1447 3143 1576 3216 quaeat
1592 3127 1721 3216 linguae
1737 3141 1770 3192 et
1789 3145 1978 3192 mouumen-
2104 3149 2106 3154 ·

356 3258 462 3348 torum
482 3239 661 3304 redonibus
681 3240 776 3324 plane
796 3243 1051 3308 adversarentur.

531 3377 664 3440 Unuca.
687 3378 786 3438 Fato.
809 3379 904 3440 Kosa·
927 3375 1284 3462 (Haase-Cessellanus,
1308 3367 1443 3458 primum
1465 3362 1606 3440 Electori
1616 3375 1661 3450 ,ab
1686 3377 1823 3458 epistolis
1846 3377 1979 3436 sanctio-

443 3481 549 3555 ribus,
578 3479 651 3540 dein
671 3479 704 3538 in
727 3481 790 3538 otio
809 3479 958 3540 litterario
979 3483 1087 3544 vivens
1110 3480 1319 3556 Mannhemii,
1344 3479 1366 3556 †
1390 3475 1503 3562 1834);
1540 3477 1646 3540 Bilrler
1667 3477 1729 3538 und
1749 3475 1903 3563 Schriften
1925 3473 1979 3539 der

444 3577 481 3640 V
477 3583 579 3644 orceis.
611 3583 651 3640 Τ.
669 3583 697 3642 Ι.
726 3579 1029 3662 (Manuheim1819.
1063 3582 1110 3664 8.)
1141 3585 1204 3642 Νο.
1220 3585 1276 3644 Ν.
1310 3579 1704 3665 Ph'c'nizischeinschriften
1725 3603 1793 3671 pag.
1811 3579 1977 3642 194-272

444 3683 598 3766 (continet
611 3683 842 3744 observationes
859 3686 892 3744 in
906 3685 1007 3744 Melit.
1025 3690 1055 3762 1.
1071 3692 1103 3745 2.
1127 3683 1243 3744 Athen.
1263 3691 1291 3744 1.
1310 3693 1342 3742 et
1351 3691 1396 3772 ι13
1413 3677 1519 3762 Citt.).
1544 3685 1585 3744 T.
1603 3685 1647 3745 II.
1673 3681 1866 3768 (Marmbeim
1883 3681 1977 3760 1821)

441 3786 582 3848 No.1V:
613 3781 836 3867 Entwicltelnng
858 3783 910 3846 der
930 3785 1112 3846 semitiscben
1133 3783 1302 3872 Schriften,
1326 3785 1413 3843 cuius
1429 3793 1575 3844 uectatus
1589 3788 1682 3844 sectio
1700 3787 1798 3866 prima
1817 3805 1849 3864 p.
1870 3791 1979 3846 176-

445 3894 507 3949 220
528 3887 590 3968 agit
612 3888 650 3946 de
671 3890 821 3970 scriptura
839 3887 1009 3972 phoenicia,
1034 3897 1065 3950 el
1078 3890 1181 3948 varios
1197 3908 1338 3948 nummos
1352 3895 1472 3946 uacat.
1493 3921 1536 3933 -·
1565 3883 1782 3968 Bemerdungen
1799 3884 1870 3944 r'r'der
1886 3887 1980 3966 einige

442 3987 583 4072 panisede
603 3985 832 4076 Steinscbrp'jien
853 4013 907 4050 crte
928 3987 1106 4072 Karthago,
1129 4011 1160 4050 v.
1181 3991 1219 4048 ad
1238 4009 1291 4050 no.
1316 3991 1367 4052 47.

487 4119 582 4198 Quod
608 4119 761 4206 Koppius
786 4125 976 4189 accenderat
1006 4124 1113 4188 acrius
1141 4118 1408 4208 palaeograpbiae
1437 4120 1578 4196 studium
1609 4139 1687 4186 mox
1715 4140 1799 4182 nora
1827 4117 1979 4206 largaque

358 4237 494 4300 materia
516 4233 669 4298 nutritum
691 4245 741 4296 est
762 4237 901 4297 maxime
919 4256 961 4300 ex
982 4233 1112 4300 Africae
1134 4237 1199 4300 oria
1220 4235 1361 4300 advecta.
1405 4230 1499 4309 Quod
1515 4235 1600 4296 enim
1618 4231 1659 4296 ab
1675 4231 1834 4312 omnibus,
1860 4233 1981 4320 qui-bis

358 4348 475 4414 litteris
496 4346 579 4412 bene
602 4357 775 4430 cuperent,
799 4346 853 4410 diu
874 4347 1088 4414 desideratum
1110 4361 1198 4426 erat,
1218 4359 1253 4410 nt
1275 4345 1367 4433 plura
1389 4367 1490 4432 eaque
1510 4348 1633 4412 maiora
1649 4345 1779 4434 linguae
1792 4347 1980 4434 phoeniciae

359 4474 393 4525 et
414 4458 549 4547 punicae
570 4471 776 4522 monumenta
797 4477 839 4521 ex
862 4469 964 4522 terrae
987 4463 1111 4546 gremio
1133 4473 1334 4546 emergerent
1360 4469 1392 4522 et
1419 4460 1453 4522 in
1484 4457 1589 4524 lucem
1612 4459 1775 4546 publicam
1799 4462 1980 4536 ederentur,

358 4572 393 4638 id
414 4583 541 4659 praeter
562 4573 833 4657 exspectationem
855 4573 971 4634 evenit.
1016 4569 1103 4636 Tum
1125 4575 1159 4636 in
1181 4573 1261 4658 ipsis
1283 4573 1400 4635 veteris
1423 4567 1630 4660 Carthaginis
1653 4575 1832 4660 parietinis,
1855 4586 1923 4635 tum
1945 4573 1979 4633 in

359 4691 480 4756 vicinia
500 4687 626 4755 urbium
649 4689 775 4756 Bedscb
807 4673 887 4792 (gi-t,
910 4687 1038 4753 Vaccae
1056 4698 1213 4776 veterum)
1230 4703 1263 4753 et
1278 4687 1360 4754 Keff
1375 4679 1472 4774 (dli,
1503 4690 1614 4757 Siccae
1637 4693 1794 4774 veterum)
1824 4699 1917 4776 atquo
1946 4693 1979 4754 iu

278 4833 283 4850 ,
360 4805 426 4870 oris
441 4801 650 4890 Tripolitauis
665 4825 685 4868 a
702 4801 812 4869 Bnnm
826 4799 936 4889 (vulgo
952 4800 1006 4866 Ali
1021 4800 1115 4888 noy),
1139 4802 1292 4868 Gaurano
1311 4805 1440 4870 Bonam
1458 4805 1586 4885 comite,
1601 4805 1803 4882 Huunnnre,
1819 4799 1980 4883 Tuursro,

358 4915 500 4996 Fanum,
522 4915 709 4996 Sensum,
732 4915 892 4983 Taurum
915 4915 1000 4980 baud
1021 4935 1123 5000 pauca
1138 4916 1431 4997 marmoralitteris
1448 4921 1563 5002 partim
1578 4919 1722 5003 punicis,
1744 4917 1859 5002 partim
1874 4919 1981 4982 numi-

360 5029 442 5096 tia·
462 5031 616 5114 inscripta
650 5028 770 5098 effossa
796 5041 891 5107 sunt,
923 5029 958 5094 in
988 5026 1150 5107 bandini,
1183 5028 1336 5114 Lugduni
1355 5029 1558 5102 etHanuiae
1579 5027 1697 5094 Musca
1716 5027 1842 5112 delam,
1875 5043 1908 5092 et
1930 5029 1981 5094 vei

359 5141 403 5210 ab
431 5144 510 5229 ipsis
536 5139 780 5219 inventoribus,
810 5139 862 5206 rel
890 5163 910 5206 a
936 5139 1128 5206 Messanae
1151 5155 1190 5208 et
1206 5139 1407 5207 ,Hirrum
1435 5141 1529 5206 edita
1571 5138 1786 5208 Accesserant
1812 5143 1878 5210 duo
1899 5165 1982 5208 nova

358 5252 557 5333 munnere,
576 5275 675 5319 unum
697 5251 876 5334 Serdicam,
899 5274 1090 5341 papyrorarn
1111 5253 1191 5318 aden
1213 5252 1633 5342 phoenicio-imgyptioruur
1653 5257 1834 5345 fragmenta
1848 5257 1982 5324 detecta
2053 5231 2057 5242 Ι

360 5367 426 5434 Sed
441 5389 504 5432 non
521 5367 645 5447 eadem,
668 5389 749 5454 quas
768 5369 976 5450 inventionis,
998 5371 1092 5434 etiam
1105 5369 1375 5454 interpretationis
1392 5366 1528 5436 felicitas
1542 5372 1612 5436 luit.
1649 5369 1883 5457 Numisianae
1898 5372 1980 5434 veris
