4938 6302
769 671 969 740 LINGUAE
989 671 1184 742 INDOLES
1206 673 1266 743 E'l‘
1287 675 1510 745 HISTORIA.
1877 685 1950 760 343

332 863 470 948 Ebrius,
509 861 600 927 cuius
629 881 711 948 opus
748 863 788 928 de
816 861 1013 929 Phoenicum
1041 861 1177 929 historia
1209 877 1369 952 ternpore,
1407 879 1443 932 ut
1475 865 1656 946 ferebatur,
1693 865 1778 934 bello
1806 865 1951 955 Trojano

323 979 439 1065 priore
460 973 602 1060 (ἄνδρα,
625 979 687 1040 τῶν
706 979 856 1062 Τρωικῶν
869 982 1001 1062 χρονῶν,
1025 975 1069 1052 ὥς
1082 998 1169 1059 φασι,
1192 977 1395 1066 πρεςβότερον
1411 978 1551 1066 appellat
1565 979 1745 1065 Eusebius)
1767 1003 1809 1047 ex
1823 982 1950 1048 urbium

331 1102 363 1154 et
382 1086 586 1154 Hierombsli
607 1089 784 1154 sacerdotis
808 1091 1045 1154 commentariis
1060 1088 1225 1171 haustum,
1245 1094 1349 1177 patrio
1364 1115 1512 1158 sermone
1526 1095 1681 1179 scriptum
1697 1107 1791 1181 atque
1810 1093 1951 1161 Abibulo

329 1199 440 1286 Beryti
453 1203 524 1288 regi
539 1204 728 1288 inscriptum
750 1201 927 1290 (Porphyr.
944 1217 1055 1267 contra
1070 1200 1189 1268 Christ.
1204 1202 1328 1289 llb.4),
1349 1205 1443 1269 Philo
1457 1203 1603 1290 Byblius,
1621 1205 1778 1271 Hadriani
1795 1207 1950 1294 aequalis,

330 1327 410 1379 teste
440 1311 585 1378 Eusebio
615 1335 732 1380 norem
761 1315 956 1402 (secuudum
985 1313 1196 1400 Porphyrium
1225 1317 1314 1401 uoto)
1346 1315 1437 1383 libris
1465 1320 1624 1404 digestum
1653 1341 1767 1406 graece
1790 1319 1952 1384 transtulit

331 1426 471 1514 (Euseb.
494 1447 603 1513 praep.
624 1447 739 1514 evang.
761 1435 792 1508 1,
814 1433 844 1493 9.
878 1427 1033 1514 Porphyr.
1057 1429 1096 1493 de
1118 1428 1233 1493 abstiu.
1254 1435 1274 1492 2
1296 1451 1369 1516 pag.
1386 1432 1459 1514 94).
1504 1429 1590 1496 Vide
1607 1430 1759 1517 Bcchqrti
1773 1429 1951 1497 Cauaaull
2045 1427 2049 1436 ’

330 1561 358 1606 ο.
377 1543 426 1604 17.
460 1537 604 1604 Fabricii
625 1539 703 1608 bibl.
725 1561 772 1626 gr.
794 1541 844 1630 ed.
867 1539 986 1606 Hurlcs
1007 1539 1064 1605 lib.
1087 1539 1104 1603 l
1125 1561 1152 1605 c.
1169 1547 1222 1606 28.
1247 1530 1287 1606 Τ.
1308 1540 1325 1606 l
1347 1564 1378 1626 p.
1397 1549 1459 1608 222
1474 1565 1542 1629 sqq.
1585 1543 1666 1609 Eius
1687 1549 1792 1631 operis
1812 1548 1949 1631 primum

329 1647 468 1731 librum,
504 1653 561 1737 qui
594 1653 635 1717 de
664 1655 872 1740 cosmogonis
897 1667 930 1718 et
957 1655 1188 1742 antiquissimis
1218 1653 1416 1719 Phoenicum
1449 1655 1568 1739 mythis
1599 1660 1684 1743 agit,
1719 1652 1753 1722 in
1788 1661 1948 1744 epitomen

330 1765 455 1852 redegit
483 1777 516 1828 et
544 1765 718 1830 maximam
747 1779 869 1852 partem
898 1769 1040 1831 servavit
1067 1765 1229 1832 Eusebius
1252 1767 1292 1832 de
1313 1773 1556 1854 praeparatione
1577 1769 1763 1857 evangelicu
1786 1778 1816 1851 t,
1841 1776 1881 1836 to
1902 1772 1948 1852 *γε

331 1877 493 1943 latendum
515 1897 612 1958 veru,
643 1893 710 1942 tum
724 1880 757 1944 iu
773 1882 924 1943 universa
937 1877 1051 1944 harum
1066 1877 1247 1945 fabularum
1268 1879 1395 1961 indole,
1424 1903 1504 1969 quaa
1520 1880 1773 1948 Alexandrinum
1786 1885 1948 1970 ingenium

329 1993 452 2077 sepiat,
476 2005 542 2056 turn
557 1993 591 2054 in
605 1989 816 2056 Philonianae
832 1995 946 2057 aetatis
961 1993 1002 2057 ad
1016 1991 1198 2058 huiusmodi
1213 1991 1342 2058 fraudes
1358 1995 1528 2059 admodum
1536 2016 1714 2082 propensae
1731 1997 1862 2081 ingenio
1885 2015 1948 2057 nou

330 2123 426 2168 unam
449 2105 642 2189 suspicionis
664 2125 809 2169 caussam
830 2107 954 2171 inesse:
988 2125 1066 2190 quas
1088 2107 1142 2190 qui
1163 2117 1306 2191 reputet,
1336 2108 1371 2171 in
1391 2105 1573 2188 Dudwelli,
1596 2107 1745 2186 Dalenii,
1772 2105 1884 2172 Ursini
1907 2103 1949 2169 ul.

330 2218 520 2283 seutentiam
555 2214 651 2280 facile
687 2215 837 2297 inclinet,
878 2219 932 2303 qui
968 2215 1020 2281 vel
1055 2216 1373 2282 Sauchuniathoneru
1407 2223 1586 2285 recentiore
1626 2223 1764 2306 quodaru
1805 2235 1949 2305 tempore

329 2333 452 2396 vixisse
486 2327 538 2393 vel
565 2327 646 2393 illud
676 2351 758 2415 opus
788 2352 807 2394 a
830 2328 955 2395 Graeco
977 2328 1106 2394 homine
1128 2329 1279 2396 adhibitis
1301 2344 1333 2395 et
1353 2329 1550 2398 Phoenicum
1571 2331 1689 2399 fabulis
1711 2349 1744 2399 et
1765 2332 1852 2398 illius
1878 2333 1950 2395 aevi
2007 2352 2016 2363 ·

329 2441 585 2529 theologumenis
607 2455 639 2506 et
660 2439 824 2527 allegoriis
846 2441 1064 2507 Alexandriae
1096 2447 1310 2528 conscriptum
1340 2456 1373 2507 et
1397 2447 1618 2534 antiquissimo
1639 2445 1688 2510 illi
1710 2447 1857 2532 scriptori
1877 2465 1950 2529 sup·

329 2559 466 2644 positum
488 2565 679 2620 statuerunt.
723 2555 772 2618 Ea
791 2553 923 2635 saltem,
947 2576 1027 2642 quae
1049 2557 1131 2641 apud
1150 2555 1328 2620 Eusebium
1345 2577 1460 2640 graece
1476 2555 1639 2643 leguntur,
1664 2581 1767 2645 neque
1783 2557 1950 2623 Phoenicii

329 2671 489 2734 sermonis
516 2665 659 2734 indolem
687 2668 733 2730 ita
761 2666 925 2746 redolere,
965 2682 1001 2730 ut
1030 2689 1072 2731 ex
1098 2690 1139 2732 eo
1165 2669 1268 2733 videri
1300 2671 1423 2754 possint
1449 2669 1498 2749 ad:
1519 2670 1652 2735 verbum
1682 2669 1835 2735 translata
1864 2688 1947 2746 esse,

330 2803 432 2866 neque
462 2779 644 2847 duodecimi
671 2793 747 2844 ante
776 2776 854 2848 Chr.
882 2791 993 2843 natum
1021 2777 1122 2844 seculi
1151 2779 1317 2866 ingenium
1347 2779 1487 2856 referre,
1522 2781 1617 2848 lacile
1648 2781 1741 2848 uobis
1764 2782 1949 2860 concedent,

330 2896 508 2980 quicunque
542 2913 607 2958 non
645 2905 879 2978 praeoccupata
914 2893 1064 2978 opinione
1098 2890 1179 2955 haec
1213 2891 1392 2977 fragmenta
1420 2894 1660 2960 examinabunt.
1712 2895 1819 2982 Magis
1850 2895 1947 2957 etiarn

329 3007 470 3094 suspecti
496 3020 572 3071 sunt
597 3003 813 3092 philosophici
832 3001 927 3084 libri,
964 3027 1043 3093 quus
1065 3002 1342 3070 Sanchuniathuni
1363 3004 1474 3069 tribuit
1497 3005 1633 3090 Suidas,
1670 3009 1739 3096 arpi
1758 3013 1815 3092 τῆς
1831 3003 1948 3090 Ἑρμοῦ

330 3119 544 3205 φυσιολογίας,
580 3131 613 3183 et
631 3116 827 3204 Αἰγυπτιακὴ
850 3121 1004 3204 θεολογία.

457 3307 490 3364 2.
512 3305 542 3364 3.
563 3307 597 3364 4.
648 3297 779 3363 Praeter
810 3297 1127 3364 Sanchuntathoram
1165 3311 1230 3363 tres
1268 3297 1325 3364 alii
1361 3321 1468 3366 rerum
1499 3287 1746 3366 Phoeniciarum
1777 3307 1948 3390 scriptores

328 3425 565 3492 memorantur,
587 3433 721 3498 quorum
745 3431 842 3496 opera
864 3432 906 3475 ex
928 3414 1031 3498 patrio
1054 3432 1164 3476 eurum
1182 3383 1329 3476 sehmoue
1344 3433 1458 3498 graeca
1473 3413 1628 3480 translata
1643 3418 1725 3496 sint,
1752 3415 1948 3495 Theodotus,

330 3526 549 3612 Hypsicrnier
562 3538 595 3588 et
610 3521 759 3589 Muclus.
793 3517 921 3589 Tutinn.
937 3539 1014 3588 orat.
1031 3522 1218 3634 chraecos
1233 3526 1259 3601 i.
1273 3529 1331 3588 3⁷:
1353 3524 1393 3588 τὰ
1410 3529 1562 3592 Φοινίκων
1577 3526 1679 3603 οότως
1696 3526 1771 3609 liger·
1793 3527 1949 3613 γεγόνασιν

328 3637 407 3724 παρ’
433 3637 538 3715 αὐτοῖς
557 3645 640 3723 τρεῖς
660 3633 789 3720 ἄνδρες,
815 3634 986 3716 Θεόδοτος,
1004 3632 1219 3722 Ὑψικράτης,
1247 3636 1387 3718 Μιῖχος·
1416 3637 1536 3704 τοότων
1557 3640 1615 3714 τὰς
1634 3641 1763 3721 βίβλους
1780 3641 1822 3716 εἰς
1839 3637 1949 3724 Ἓλλη-

328 3753 397 3817 νίόο
434 3751 594 3828 κατέταξεν
629 3750 735 3838 φωνὴν
763 3755 893 3826 Χαῖτος.
945 3749 1008 3814 Ριο
1037 3753 1158 3824 Χαῖτος
1194 3749 1279 3834 apud
1315 3748 1491 3815 Eusebium
1526 3771 1631 3836 praep.
1667 3771 1780 3838 evang.
1819 3751 1876 3817 lib.
1912 3753 1948 3816 X

328 3887 401 3952 pag.
425 3869 489 3930 493
509 3861 557 3944 Β,
593 3863 650 3930 ubi
672 3861 804 3930 Tatiani
827 3863 919 3930 locus
940 3861 1106 3942 laudatur,
1136 3875 1185 3926 et
1197 3859 1337 3943 Ἄσσος,
1367 3863 1423 3926 sed
1445 3860 1615 3949 legendum
1637 3883 1709 3928 esse
1730 3867 1871 3941 Λαΐτος,
1906 3887 1949 3930 ex

330 3973 496 4041 Clemente
517 3975 739 4042 Alexandrino
761 3977 900 4062 (Strom.
920 3975 976 4042 lib.
998 3974 1014 4040 l
1036 3998 1067 4061 p.
1090 3980 1151 4040 326
1175 3972 1306 4059 sylb),
1335 3974 1390 4039 ubi
1414 3975 1525 4040 eadem
1548 3995 1599 4040 res
1618 3989 1782 4057 tractetur,
1806 3992 1947 4063 apparet.

328 4089 482 4154 ΜοοΙιαιι
503 4103 608 4154 autem
621 4089 807 4155 Athenaeus
828 4111 953 4178 quoque
975 4100 1131 4154 memorat
1160 4086 1237 4173 (lib.
1259 4085 1356 4172 1115.
1383 4089 1486 4172 idol:
1528 4088 1613 4174 παρὰ
1642 4097 1707 4165 τοῖς
1728 4088 1767 4154 τοὶ
1790 4092 1949 4157 Φοινικικὰ
2041 4159 2053 4182 .

329 4201 552 4289 συγγεγραφόσι
572 4204 779 4268 §amassem
801 4205 851 4268 sal
870 4201 1000 4290 Μώχῳ,
1029 4215 1061 4266 et
1082 4199 1241 4286 losephus
1263 4199 1379 4286 (Arch.
1399 4207 1428 4278 l,
1449 4205 1469 4266 3
1490 4204 1518 4280 5.
1538 4201 1599 4287 9):
1634 4204 1685 4266 sul
1706 4205 1827 4286 Μῶχος
1847 4229 1879 4270 τι
1899 4207 1949 4270 καὶ

333 4315 477 4390 Εστιαῖος
499 4315 549 4379 καὶ
569 4316 649 4398 πρός
669 4313 774 4392 αιίτοΐς
810 4311 827 4381 ό
856 4314 1028 4400 Αἰγύπτιος
1051 4309 1249 4399 Ἱερώνυμος,
1288 4314 1318 4380 οἱ
1339 4313 1378 4379 τό
1403 4311 1562 4378 Φοινικικὰ
1585 4314 1822 4400 συνταξάμενοι,
1855 4333 1948 4406 utque

329 4425 447 4491 Strabo
460 4423 543 4492 XVI
563 4449 592 4514 p.
606 4431 668 4494 ⁷5⁷
692 4425 832 4493 Cusaub.
855 4431 883 4493 al
903 4429 938 4492 dd
959 4430 1008 4492 όεΐ
1024 4428 1216 4515 Ποσιιόονίῳ
1238 4433 1396 4492 πιστεῦσαι
1419 4427 1470 4491 καὶ
1491 4425 1528 4492 τό
1550 4429 1618 4513 περὶ
1633 4435 1695 4494 τῶν
1709 4429 1833 4512 ἀτόμων
1848 4429 1949 4515 δόγμα

329 4537 461 4603 παλαιόν
491 4537 573 4604 ἔστιν
601 4539 714 4627 ἀνδρὸς
741 4541 885 4606 Σιδονίοο
907 4539 1044 4622 Μόσχον
1070 4539 1209 4622 (Medic.
1232 4545 1264 4606 3.
1287 4549 1317 4604 4.
1339 4537 1443 4610 Mose.
1464 4539 1610 4629 Μώχοα)
1632 4539 1691 4623 πρὸ
1713 4549 1775 4607 τῶν
1799 4547 1947 4628 Tanites
2089 4529 2093 4536 ’

326 4647 450 4734 χρόνων
471 4650 647 4736 γεγονότος,
678 4675 720 4717 ex
746 4675 809 4740 quo
830 4651 902 4720 loco
925 4667 1071 4739 apparet,
1096 4651 1236 4718 Graecus
1257 4655 1291 4717 iu
1313 4674 1438 4720 summa
1459 4657 1644 4741 antiquitate
1667 4653 1719 4719 his
1740 4657 1948 4739 scriptoribus

329 4763 500 4830 tribuendo
522 4766 690 4832 admodum
713 4764 826 4832 laciles
850 4779 882 4832 et
902 4787 998 4852 saepe
1020 4767 1137 4830 nimios
1153 4749 1273 4830 tuisse.
1296 4803 1339 4816 -
1382 4766 1429 4830 Hi
1443 4781 1591 4852 quattuor
1612 4764 1689 4844 (alii
1703 4769 1787 4830 enirn
1802 4767 1947 4834 derebus

328 4873 514 4943 Phoeniciis
544 4899 663 4964 graece
688 4883 902 4966 scripserant,
939 4892 974 4943 ut
1000 4877 1176 4944 Menander
1199 4875 1374 4962 Ephesius,
1405 4879 1472 4944 los.
1495 4877 1667 4943 Archaeol.
1697 4877 1764 4956 IX,
1794 4885 1834 4943 tt
1863 4883 1892 4958 d.
1917 4889 1948 4962 2,

330 4985 545 5055 Philostratus
566 4990 654 5074 ibid.
677 4993 730 5074 X,
754 4999 790 5058 11
816 4995 846 5071 ἱ.
871 4999 900 5058 1.
937 4990 1020 5056 Dius
1046 4987 1100 5054 rel
1122 4988 1208 5054 Dion
1232 4989 1276 5054 id.
1307 5011 1334 5059 c.
1357 4989 1420 5074 Ap.
1445 4995 1493 5072 1,·
1507 4995 1567 5074 17)
1606 4990 1784 5057 Phoenices
1804 4991 1946 5074 luerunt,

331 5097 447 5186 reliqui
470 5101 587 5184 Poeni,
620 5125 754 5191 quorum
777 5107 1018 5193 antiquissimus
1038 5103 1138 5169 luisse
1158 5103 1283 5168 videtur

384 5410 414 5481 ¹)
431 5413 578 5484 seperatim
598 5433 658 5472 cum
676 5415 758 5474 uariis
773 5419 894 5474 virorrrm
914 5419 1053 5474 deotemus
1071 5416 1304 5474 observationibus
1322 5416 1392 5473 adid.
1414 5417 1453 5471 lo.
1475 5413 1556 5471 Cour.
1579 5417 1704 5472 Orellius.
1737 5417 1900 5487 Lipa1826.
1920 5420 1945 5470 8.
