4924 6304
1992 459 2010 502 Ι

532 651 605 724 162
646 643 780 710 LIBER
794 639 1038 708 SECUNDUS.
1065 636 1400 704 lNSClllP'l'lONES
1416 635 1699 714 PHOENIClAE.
1738 635 1886 704 CAPUT
1902 635 2127 714 culusum.

533 857 630 920 quam
653 837 748 898 unius
770 828 988 916 apographum
1010 832 1076 892 iam
1098 829 1153 892 diu
1168 824 1291 890 Osonii
1312 825 1455 892 latitasse
1468 827 1595 890 videtur
1617 828 1666 912 (v.
1686 845 1740 889 no.
1758 824 1832 910 ct).
1875 823 2033 904 Quaeso,
2056 847 2149 912 quem

534 950 694 1024 diximus,
728 947 813 1008 ao'no
843 956 875 1005 et
904 943 1053 1026 deinceps
1083 943 1220 1026 primum
1247 939 1288 1003 ah
1318 939 1516 1018 llumherto,
1549 941 1623 1004 dein
1655 963 1675 1004 a
1696 937 1812 1026 Falbio
1837 953 1871 1002 et
1891 937 2040 1002 Scheelio
2061 953 2152 1002 eruta

533 1073 609 1124 suut
630 1079 805 1134 marmora,
828 1069 941 1120 cuuma
961 1056 1045 1141 quod
1061 1057 1161 1120 sciam
1184 1053 1296 1116 eodem
1314 1056 1348 1117 iu
1362 1052 1434 1117 loco
1448 1056 1580 1118 iuventa
1601 1065 1675 1117 suut
1696 1073 1796 1138 prope
1818 1073 1937 1137 pagum
1961 1051 2151 1117 hodiernum

533 1175 619 1236 iutra
634 1173 751 1234 veteris
765 1167 971 1255 Carthaginis
988 1171 1116 1232 moenia
1128 1170 1246 1246 situm,
1271 1169 1324 1251 qui
1340 1166 1382 1230 ah
1397 1163 1646 1251 aquaeductibus
1663 1167 1872 1260 cisterpisqua
1886 1165 2024 1250 antiquis
2045 1167 2152 1253 iilos,

534 1289 629 1376 vulgo
643 1289 762 1375 Molpa
779 1301 810 1350 et
821 1287 939 1372 Malga
952 1285 987 1372 (k
1001 1309 1057 1373 pro
1074 1285 1159 1350 illius
1174 1288 1313 1372 regionis
1329 1307 1418 1348 nrore
1435 1283 1563 1350 mollins
1578 1283 1714 1371 prolato)
1728 1283 1918 1370 appellatur.
1941 1279 2153 1358 Quantulas

533 1405 639 1466 notice
661 1423 718 1465 sur
739 1422 784 1464 uu
806 1421 865 1462 ms.
887 1399 984 1464 arabe
1006 1401 1046 1463 de
1066 1398 1098 1462 la
1123 1397 1343 1484 bibliotheque
1360 1399 1403 1462 du
1418 1397 1478 1462 Boi
1491 1411 1664 1462 contenent
1680 1396 1712 1460 la
1729 1399 1921 1482 description
1939 1397 1979 1458 de
1995 1394 2154 1480 l'Alriqua

535 1515 644 1600 (Paris
667 1514 774 1596 1831)
803 1535 831 1597 p.
855 1515 915 1575 63:
951 1510 1035 1590 „On
1060 1515 1126 1575 voit
1148 1513 1167 1574 ia
1188 1509 1349 1596 Carthage
1374 1533 1416 1574 un
1443 1511 1544 1596 pelais
1567 1509 1690 1596 appelle
1714 1509 1903 1574 hloaltakah
1924 1512 2013 1576 istiu
2042 1510 2096 1594 qui
2117 1527 2153 1571 te

533 1635 694 1719 distingue
717 1653 773 1716 par
795 1653 859 1695 une
880 1631 1015 1696 htendue
1039 1645 1072 1695 et
1096 1652 1159 1694 oue
1187 1628 1344 1693 elevatiou
1368 1632 1594 1716 prodigieuses.
1643 1628 1672 1694 11
1701 1643 1750 1694 est
1771 1627 1923 1714 compote
1949 1628 1990 1690 de
2013 1625 2153 1713 galeries

536 1744 665 1808 voritt'ees
698 1747 750 1828 qui
781 1745 919 1808 lorment
948 1744 1106 1830 plusieurs
1128 1745 1236 1828 etages
1259 1755 1291 1805 et
1312 1745 1366 1828 qui
1387 1745 1552 1806 domineut
1573 1765 1630 1807 sur
1652 1741 1685 1806 la
1707 1749 1806 1808 mer“
1837 1755 1869 1804 et
1888 1741 1961 1805 Ebu
1985 1737 2152 1802 Chaleduu

533 1858 616 1942 apud
653 1853 912 1931 Quatrcmeriurn
948 1857 969 1920 l.
1006 1880 1032 1922 c.
1072 1858 1125 1936 „a
1161 1853 1321 1944 Carthage
1358 1859 1498 1920 existent
1534 1877 1651 1920 encore
1685 1851 1907 1940 aujourd'hui
1942 1852 1989 1916 les
2019 1851 2152 1915 arcades

534 1970 611 2033 dont
631 1991 667 2034 se
689 1983 874 2054 composent
896 1967 1033 2032 l't‘edifice
1055 1965 1180 2056 appelle
1200 1971 1293 2038 3.·ᾰωὶ
1317 1971 1409 2052 ipit?
1432 1971 1683 2048 [connumeratio
1696 1969 1881 2052 suspensa].
1924 1965 1989 2030 Les
2003 1963 2154 2028 babitans

534 2089 574 2150 de
601 2085 704 2150 'lunis
734 2101 791 2152 out
820 2087 932 2151 hesoin
961 2088 1000 2151 de
1028 2086 1147 2150 choisir
1177 2087 1225 2150 les
1253 2090 1377 2172 pierres
1406 2089 1461 2174 qui
1488 2087 1618 2150 doivent
1647 2101 1754 2150 eutrer
1776 2087 1855 2150 daus
1877 2083 1910 2148 la
1934 2083 2152 2148 construction

534 2201 574 2263 de
608 2197 696 2262 leurs
733 2199 907 2275 britimens3
951 2215 983 2263 et
1019 2221 1141 2263 comme
1177 2198 1225 2263 les
1255 2203 1376 2284 pierres
1406 2201 1445 2262 de
1476 2221 1529 2263 ces
1559 2199 1690 2264 arcades
1720 2215 1793 2263 sont
1825 2199 1889 2263 fort
1916 2193 2066 2261 estimees
2096 2192 2153 2256 des

533 2311 740 2388 architectos,
769 2335 809 2376 ou
832 2311 1022 2376 s'attacheit
1044 2335 1084 2376 en
1108 2311 1244 2376 demolir
1266 2310 1402 2398 quelque
1425 2315 1544 2396 partie;
1576 2313 1657 2378 mais
1678 2335 1715 2376 ce
1737 2311 1818 2376 n'est
1834 2311 1979 2398 qu’aprhs
1995 2307 2154 2396 plusieurs

531 2426 624 2508 jours
648 2423 788 2488 d’ell'orts
811 2441 843 2489 et
866 2448 906 2488 un
930 2424 1044 2490 travail
1067 2425 1213 2512 peuihle,
1244 2447 1304 2512 que
1329 2423 1393 2488 l'ou
1417 2427 1602 2510 partientis
1623 2421 2152 2504 sairecmoulerlemoindrepaa

534 2539 574 2600 de
597 2543 703 2600 mur.“
748 2535 799 2602 Cl.
821 2539 847 2602 F
849 2537 921 2602 albe
943 2535 964 2600 l.
981 2562 1006 2602 c.
1028 2561 1099 2626 pag.
1114 2545 1164 2603 31.
1183 2579 1221 2588 —
1245 2541 1277 2602 A
1298 2537 1408 2626 Malga
1430 2540 1585 2602 orientem
1607 2559 1719 2602 versus
1735 2540 1787 2602 via
1802 2539 1890 2602 ducit
1901 2539 1942 2601 ad
1957 2529 2152 2620 Necropoliu

535 2647 740 2736 Carthaginis
771 2657 819 2730 (v.
840 2651 971 2716 Dureau
998 2653 1037 2715 de
1058 2651 1089 2716 la
1113 2651 1210 2716 rllallc
1233 2674 1305 2740 pag.
1326 2658 1363 2715 91
1390 2675 1457 2738 sqq.
1481 2665 1513 2714 et
1534 2651 1597 2714 tab.
1621 2651 1661 2736 3)
1691 2665 1784 2736 atque
1814 2647 1978 2736 sepulcra,
2011 2648 2153 2729 adquae

534 2767 726 2848 pertinuisse
747 2765 894 2829 videntur
915 2767 999 2852 cippi
1021 2768 1123 2829 nostri
1145 2787 1198 2828 no.
1222 2771 1252 2828 8.
1266 2771 1302 2840 9;
1335 2763 1399 2826 alia
1423 2765 1525 2850 magis
1541 2761 1690 2827 australis
1715 2767 1754 2828 ad
1777 2767 1875 2828 maris
1896 2762 1986 2827 littus
2009 2759 2089 2835 lert,
2112 2755 2154 2818 ad

534 2897 627 2960 quam
657 2876 772 2940 rudera
794 2891 923 2942 exstant
943 2877 1054 2962 templl
1077 2877 1166 2942 Deae
1189 2875 1366 2956 Caelestis,
1393 2879 1426 2939 in
1450 2875 1565 2958 quihus
1590 2875 1817 2940 Humhertiaui
1838 2875 1961 2962 lapides
1984 2869 2154 2937 Tanaitidi

534 2991 556 3056 i.
572 3011 599 3052 e.
618 2991 679 3072 ipsi
699 2987 787 3050 Deae
804 2987 943 3051 Caelesti
965 2992 1082 3052 sacrati
1107 2993 1224 3074 reperti
1248 3001 1321 3053 sunt
1351 2992 1400 3074 (v.
1423 2988 1553 3053 Dureau
1577 3011 1646 3075 pag.
1669 2989 1766 3076 1⁷0);
1796 2989 1837 3054 ab
1860 2990 2025 3054 occidente
2047 2995 2151 3048 autem

535 3097 665 3184 hlnlgae
686 3117 759 3163 sunt
781 3104 892 3164 ruinae
913 3086 1155 3186 amphitheatri,
1181 3123 1210 3165 v.
1234 3105 1275 3166 ad
1294 3100 1445 3188 Carthag.
1463 3108 1512 3166 to.

1190 3271 1303 3336 xcvt
1315 3307 1355 3318 -
1367 3269 1494 3334 XLlX.

559 3399 1170 3468 CARTHAGINENSIS
1208 3401 1446 3481 PRIMA,
1483 3399 1818 3482 SECUNDA,
1863 3399 2128 3478 TERTIA,

1203 3513 1482 3590 QUARTA.

661 3651 791 3714 Eximia
820 3647 900 3714 haec
930 3665 1135 3714 monumenta
1164 3653 1196 3714 in
1228 3649 1344 3716 Museo
1369 3651 1580 3738 Lugdunensi
1610 3665 1792 3731 asservata,
1831 3673 1911 3738 quae
1939 3649 2152 3716 Hunderit'u·

533 3787 644 3832 aarum
673 3765 817 3850 lapidant
844 3766 975 3828 nornine
1004 3761 1222 3842 celebrantur,
1251 3761 1284 3828 J.
1307 3763 1351 3826 Ε.
1371 3761 1571 3828 Hecvhertst
1599 3766 1693 3850 (vide
1716 3788 1745 3850 p.
1769 3765 1809 3849 9)
1838 3786 1924 3828 auno
1947 3769 2030 3828 1817
2050 3781 2151 3848 prope

533 3877 675 3964 Malgam
704 3880 810 3940 vicum
838 3880 871 3940 in
893 3879 965 3962 ipso
988 3879 1106 3940 veteris
1128 3873 1333 3964 Carthaginis
1360 3874 1431 3940 solo
1460 3881 1555 3941 trium
1578 3891 1765 3964 quattuorve
1796 3879 1910 3963 pedum
1940 3876 2039 3940 humo
2069 3887 2152 3940 tecta

501 4069 505 4084 1
533 3993 675 4067 invenit,
707 3989 770 4052 sihi
791 3992 930 4053 invicem
952 3991 1032 4053 satis
1053 3991 1250 4074 propinqua,
1284 4011 1327 4054 ex
1354 3993 1424 4054 eius
1453 3993 1595 4076 regionis
1623 3991 1730 4077 lapide
1759 3989 1898 4055 calcario
1925 4011 2028 4076 eoque
2056 3987 2152 4054 fissili

534 4101 651 4166 coloris
680 4125 699 4166 e
727 4101 824 4168 ruhro
854 4105 976 4168 anerei
1009 4101 1325 4188 (richilda-graver
1347 4101 1604 4187 Kalltcdt'qfer)
1633 4104 1755 4170 affabre
1784 4103 1879 4169 lacta.
1927 4103 1980 4168 De
2009 4105 2152 4188 genuina

534 4213 649 4283 luorum
678 4213 841 4278 titulorum
870 4229 902 4278 et
932 4215 1071 4278 editione
1093 4227 1187 4300 atque
1210 4213 1348 4286 lectione
1370 4227 1403 4278 et
1425 4217 1686 4300 interpretatione
1708 4199 1804 4304 quum
1826 4216 2046 4282 Hamalrerum
2067 4217 2152 4280 iuter

533 4340 566 4391 et
587 4351 639 4392 me
660 4325 855 4412 aliquantum
879 4328 1086 4410 disceptatum
1102 4331 1161 4408 sit,
1193 4327 1358 4396 historiam
1381 4325 1569 4392 litterariam
1592 4351 1702 4396 eorum
1721 4327 1816 4416 paulo
1831 4333 1994 4418 copiosius
2013 4344 2045 4394 et
2059 4349 2152 4395 aucu-

532 4444 633 4522 ratius
663 4442 811 4525 persequi
841 4437 959 4524 placet:
1000 4461 1062 4502 nou
1096 4462 1135 4504 eo
1158 4441 1301 4526 profecto
1323 4439 1478 4520 consilio,
1515 4454 1550 4504 ut
1572 4443 1755 4506 demeritis
1778 4440 2149 4528 doctissimi-Philologi,

534 4576 628 4640 quem
661 4553 757 4616 rebus
787 4551 934 4615 humanis
965 4567 1167 4636 praematura
1196 4567 1298 4617 morte
1330 4569 1473 4640 ereptum
1494 4557 1597 4640 patria
1618 4553 1726 4641 luget,
1765 4555 1929 4620 detraham
1953 4571 1985 4620 et
2009 4558 2048 4621 de
2070 4557 2150 4620 meis

532 4667 725 4732 coniecturis
747 4664 886 4749 lapidum
909 4667 1088 4729 accuratius
1110 4667 1326 4750 inspectorum
1347 4669 1534 4731 auctoritate
1556 4665 1692 4734 firmatis
1712 4666 1849 4754 glorier,
1877 4668 1934 4733 sed
1955 4681 1989 4731 ut
2002 4689 2065 4732 noo
2080 4671 2150 4732 sine

532 4803 646 4845 carrara
668 4777 710 4842 ab
728 4777 906 4842 llamakeri
927 4779 1086 4841 sententia
1114 4793 1180 4848 tem
1211 4781 1325 4864 cupide
1353 4793 1449 4866 atque
1471 4801 1598 4844 morose
1620 4779 1946 4864 defensarecesaisse
1968 4791 1999 4842 et
2020 4781 2055 4843 iu
2078 4801 2152 4843 mea

530 4909 562 4957 et
583 4892 721 4986 lectione
743 4905 775 4955 et
796 4893 1054 4976 interpretatione
1078 4894 1255 4976 perstitisse
1280 4894 1408 4972 ridear,
1432 4913 1625 4976 caveamque
1642 4915 1683 4956 ue
1701 4891 1966 4984 palaeographiac
1982 4891 2151 4978 disciplina

530 5030 550 5070 a
571 5003 725 5090 praeclari
750 5006 829 5082 viri,
863 5006 895 5066 iu
918 5001 1037 5090 linguis
1060 5017 1167 5071 tamen
1191 5002 1335 5072 Orientis
1358 5011 1461 5096 magis
1481 5029 1577 5094 quam
1599 5007 1632 5069 in
1654 5009 1812 5090 scriptura
1832 5009 2019 5085 exercitati,
2041 5023 2149 5070 aucto·

531 5122 624 5184 ritate
646 5117 766 5203 aliquid
789 5119 973 5180 detrimenti
994 5120 1107 5202 capiat.

658 5229 839 5293 Editicnem
864 5231 960 5313 igitur
983 5227 1095 5294 horum
1118 5255 1311 5300 marmorum
1334 5255 1354 5297 a
1375 5257 1411 5300 se
1432 5237 1635 5298 inventorum
1664 5245 1696 5295 et
1723 5229 1829 5318 paullo
1851 5247 1923 5318 post
1944 5254 1965 5296 a
1984 5231 2148 5296 Friderico

532 5340 712 5421 Guilelmo‚
742 5339 896 5408 Bataviae
917 5365 1012 5430 rege,
1046 5360 1244 5411 coemtorum
1272 5348 1341 5432 ipsc
1363 5347 1562 5414 Humhertus
1585 5351 1667 5412 1820
1688 5347 1722 5410 in
1745 5349 1880 5434 patriam
1907 5347 2009 5411 redux
2031 5365 2147 5432 magno
