4902 6306
832 1504 1511 1716 annonario

359 1868 510 1994 Pauca
545 1929 634 1992 sunt
669 1905 858 1991 litteratae
900 1919 1134 2014 antiquitatis
1173 1937 1443 2012 monumenta,
1495 1947 1591 2022 qnae
1625 1923 1768 1996 maiore
1801 1945 1867 1996 suo
1901 1924 1981 1995 iure

360 2053 529 2124 virorum
552 2051 595 2122 in
614 2070 659 2120 eo
682 2045 890 2121 studiorum
916 2069 1051 2143 genere
1074 2053 1307 2148 versantium
1331 2055 1459 2127 oculos
1479 2055 1520 2126 in
1542 2078 1581 2127 se
1604 2063 1846 2142 convertant,
1870 2075 1983 2150 quam

362 2183 522 2276 exiguae
541 2179 655 2268 istae,
682 2201 778 2275 quae
798 2177 1103 2274 inscriptionibus
1128 2183 1328 2280 numisque
1349 2185 1609 2274 continentur,
1635 2181 1858 2254 Phoeniciae
1872 2181 1985 2253 Puni·

364 2331 502 2406 eaeque
527 2309 677 2404 linguae
697 2309 887 2404 reliquiae.
940 2307 1092 2382 Etenim
1118 2331 1234 2406 quum
1260 2314 1392 2385 unicae
1414 2313 1485 2386 hae
1512 2323 1600 2386 sunt
1620 2311 1851 2385 Phoenicum
1874 2323 1986 2407 atque

364 2437 733 2535 Carthaginensium,
758 2437 984 2536 populorum
1004 2439 1116 2512 rebus
1139 2441 1252 2534 gestis
1272 2417 1382 2539 longe
1398 2419 1700 2532 clarissimorum,
1718 2442 1877 2532 litterae,
1904 2451 1985 2511 tum

364 2572 532 2644 maxime
553 2571 637 2666 ipsa
659 2569 764 2664 signa
790 2565 917 2641 studia
938 2579 1067 2641 nostra
1093 2569 1281 2660 excitant,
1315 2593 1410 2668 quae
1432 2573 1484 2646 sic
1509 2573 1674 2672 primmn
1696 2575 1857 2646 inventa
1882 2569 1988 2643 omni
2100 2599 2102 2604 ·

364 2702 533 2774 omniurn
567 2697 735 2794 gentium
766 2697 1001 2772 litteraturae
1036 2697 1217 2794 originem
1248 2696 1394 2774 dedisse
1429 2714 1586 2776 constat.
1652 2697 1733 2790 Quo
1761 2701 1989 2774 factumest

364 2845 424 2920 ut,
458 2851 574 2927 quum
600 2827 715 2925 primi
745 2827 1031 2922 Bartlrelemyus
1057 2841 1095 2901 et
1121 2826 1300 2903 Suinton
1325 2829 1438 2905 buius
1463 2825 1668 2929 scripturae
1691 2831 1856 2904 rationes
1879 2825 1988 2899 inda·

342 2984 452 3057 'gare
478 2959 707 3056 coepissent,
734 2959 904 3032 certatim
932 2958 993 3030 alii
1012 2979 1116 3034 nova
1130 2973 1381 3034 monumenta
1397 2963 1678 3058 conquirerent,
1705 2959 1768 3032 alii
1782 2957 1990 3056 conquisita

366 3062 713 3186 interpretarentur.
768 3085 992 3185 Quanquam
1014 3086 1085 3160 bac
1108 3089 1436 3187 interpretantium
1462 3115 1595 3189 opera,
1629 3091 1661 3163 si
1686 3111 1827 3187 paucos
1852 3087 1916 3184 (in
1931 3086 1990 3160 bis

367 3217 571 3312 Baycrunr,
617 3215 913 3308 Akerbladium)
962 3217 1151 3311 excipias,
1196 3227 1273 3288 tam
1314 3241 1449 3315 parum
1487 3219 1560 3292 istu
1599 3218 1723 3292 studia
1767 3217 1990 3290 incrementi

338 3355 564 3444 ceperunt,
605 3355 648 3416 ut
682 3341 792 3414 baud
816 3365 902 3416 raro
933 3343 1063 3416 iudicii
1088 3345 1306 3418 infirmitate
1343 3345 1465 3422 dicam
1492 3371 1541 3421 an
1566 3348 1832 3446 perversitate,
1873 3367 1989 3444 quum

367 3474 590 3574 praesertim
631 3484 732 3546 certa
771 3473 956 3570 principia
995 3471 1193 3564 deessent,
1239 3474 1341 3549 infra
1379 3476 1685 3573 Barthelemyum
1722 3475 1989 3553 relaberentur.
2072 3485 2076 3496 ‘

370 3601 518 3696 Quare,
550 3603 582 3676 si
608 3601 819 3677 Swintonis
844 3603 1171 3700 interpretationes
1197 3603 1365 3701 ineptas,
1400 3607 1585 3680 Pellerinii
1611 3620 1650 3680 et
1674 3605 1850 3680 Dutensii
1875 3626 2014 3698 vagas

371 3736 604 3808 coniecturas
643 3729 873 3822 consideres,
912 3745 956 3804 ut
987 3729 1225 3806 Fourmontii
1259 3755 1377 3828 nugas
1416 3747 1582 3827 taceam,
1622 3759 1699 3809 non
1730 3747 1787 3807 est
1817 3731 1989 3833 profecto

373 3872 473 3974 quod
510 3865 675 3978 mireris,
718 3885 831 3936 omne
865 3860 938 3933 hoc
964 3859 1174 3936 studiorum
1208 3863 1535 3962 periculorumque
1560 3863 1848 3938 Phoeniciorum
1874 3882 1991 3960 genus

374 4005 422 4079 ab
455 3996 654 4084 Eckbelio‚
695 3993 972 4088 elegantissimo
1006 4013 1131 4066 rerum
1166 3994 1407 4092 antiquarum
1433 3996 1711 4085 existimatore,
1745 3991 1991 4084 „taediorum

372 4130 687 4208 Phoeniciorum“
727 4123 880 4196 nomine
915 4121 1146 4220 appellatum
1183 4135 1222 4196 et
1254 4137 1401 4200 tantum
1436 4148 1514 4199 non
1532 4125 1674 4199 'sannis
1708 4135 1912 4221 exceptum
1940 4121 1991 4218 ¹),

373 4265 544 4357 adeoque
577 4279 640 4344 ea,
682 4275 778 4352 quae
821 4275 844 4325 a
883 4249 1147 4346 Barthelemyo
1188 4255 1382 4330 verissime
1425 4257 1626 4330 observata
1668 4265 1792 4342 erant,
1828 4254 1991 4350 iniquius
2116 4273 2121 4284 ·

372 4395 540 4468 iudicata
573 4407 672 4459 esse:
718 4405 788 4456 nec
826 4383 945 4477 magis
985 4381 1158 4480 prolecto
1193 4405 1326 4458 severo
1362 4383 1429 4458 sed
1469 4385 1711 4459 subtilissimo
1752 4381 1807 4454 illi
1845 4379 1992 4454 censori
2122 4385 2126 4398 '

372 4523 534 4624 probata
566 4517 741 4604 tuissent,
784 4533 880 4608 quae
907 4535 1029 4609 nuper
1060 4513 1101 4584 in
1128 4513 1362 4611 explicandis
1389 4515 1696 4619 inscriptionibus
1719 4509 1926 4587 Numidicis
1951 4509 1994 4582 in

374 4655 495 4727 lucem
521 4648 625 4722 edita
650 4655 738 4717 sunt
763 4643 1117 4740 interpretationum
1134 4656 1323 4734 monstra,
1347 4647 1539 4744 inquibus
1559 4645 1705 4719 nescias
1724 4655 1851 4714 utrum
1871 4641 1993 4735 magis

375 4783 522 4858 mireris
554 4775 777 4850 insolentem
811 4769 1001 4846 idiomatis
1036 4799 1088 4850 ex
1126 4778 1300 4852 omnibus
1330 4775 1575 4850 dialectorum
1606 4771 1758 4847 latebris
1793 4769 1994 4866 conquisiti

376 4915 540 4988 sormam
572 4930 621 4980 an
662 4905 872 4980 orationem
909 4913 1120 4982 contortam
1159 4919 1496 5004 argumentumque
1536 4907 1705 5028 ineptum
1743 4911 1992 4974 monumento

443 5180 474 5263 1)
503 5179 583 5242 Vide
610 5179 778 5240 Ecnurcu
808 5176 919 5237 Doctr.
952 5197 1038 5239 num.
1071 5188 1148 5239 vett.
1218 5195 1289 5238 nem
1314 5179 1351 5238 de
1373 5177 1473 5236 numis
1494 5175 1597 5254 lingua
1611 5175 1728 5236 Punica
1748 5173 1899 5252 inscriptis
1915 5171 1991 5232 ibid.
2064 5163 2069 5178 '

281 5309 289 5320 ·
380 5289 421 5348 Τ.
436 5287 485 5348 lll
499 5307 531 5366 p.
550 5286 611 5346 406
637 5295 669 5343 et
683 5281 903 5362 Prolegomena
918 5285 957 5344 ad
970 5283 1150 5366 disputatio-
1218 5304 1251 5363 p.
1272 5287 1333 5345 396
1345 5315 1382 5328 -
1392 5282 1465 5343 404.

1573 5395 1594 5458 b
