<?xml version="1.0" encoding="UTF-8"?>
<!DOCTYPE html PUBLIC "-//W3C//DTD XHTML 1.0 Transitional//EN"
    "http://www.w3.org/TR/xhtml1/DTD/xhtml1-transitional.dtd">
<html xmlns="http://www.w3.org/1999/xhtml" xml:lang="en" lang="en">
 <head>
  <title>
</title>
<meta http-equiv="Content-Type" content="text/html;charset=utf-8" />
  <meta name='ocr-system' content='tesseract 3.04.00' />
  <meta name='ocr-capabilities' content='ocr_page ocr_carea ocr_par ocr_line ocrx_word'/>
</head>
<body>
  <div class='ocr_page' id='page_1' title='image "./scripturaelingu00gesegoog_0311.png"; bbox 0 0 5004 6306; ppageno 0'>
   <div class='ocr_carea' id='block_1_1' title="bbox 505 575 1990 718">
    <p class='ocr_par' dir='ltr' id='par_1_1' title="bbox 505 575 1990 718">
     <span class='ocr_line' id='line_1_1' title="bbox 505 575 1990 718; baseline -0.004 -10"><span class='ocrx_word' id='word_1_1' title='bbox 505 643 582 718; x_wconf 75' lang='grc'><strong>274</strong></span> <span class='ocrx_word' id='word_1_2' title='bbox 662 639 801 706; x_wconf 81' lang='lat' dir='ltr'><strong>-LlBEli</strong></span> <span class='ocrx_word' id='word_1_3' title='bbox 822 634 1026 706; x_wconf 77' lang='lat' dir='ltr'><strong>TERTIUS.</strong></span> <span class='ocrx_word' id='word_1_4' title='bbox 1069 635 1130 704; x_wconf 76' lang='lat' dir='ltr'><strong>DE</strong></span> <span class='ocrx_word' id='word_1_5' title='bbox 1153 633 1296 702; x_wconf 81' lang='lat' dir='ltr'><strong>NUlillS</strong></span> <span class='ocrx_word' id='word_1_6' title='bbox 1317 631 1583 702; x_wconf 82' lang='lat' dir='ltr'><strong>PHOENlCllS.</strong></span> <span class='ocrx_word' id='word_1_7' title='bbox 1628 575 1777 702; x_wconf 69' lang='lat' dir='ltr'><strong>curiit</strong></span> <span class='ocrx_word' id='word_1_8' title='bbox 1802 635 1990 704; x_wconf 80' lang='lat' dir='ltr'><strong>PRIMUM.</strong></span> 
     </span>
    </p>
   </div>
   <div class='ocr_carea' id='block_1_2' title="bbox 416 823 2226 3068">
    <p class='ocr_par' dir='ltr' id='par_1_2' title="bbox 416 823 2226 3068">
     <span class='ocr_line' id='line_1_2' title="bbox 507 823 2133 913; baseline -0.001 -19"><span class='ocrx_word' id='word_1_9' title='bbox 507 825 606 907; x_wconf 75' lang='lat' dir='ltr'><strong>Bell,</strong></span> <span class='ocrx_word' id='word_1_10' title='bbox 622 827 829 892; x_wconf 76' lang='lat' dir='ltr'><strong>neroniade</strong></span> <span class='ocrx_word' id='word_1_11' title='bbox 845 829 959 913; x_wconf 81' lang='lat' dir='ltr'><strong>repetit</strong></span> <span class='ocrx_word' id='word_1_12' title='bbox 974 828 1166 903; x_wconf 84' lang='lat' dir='ltr'><strong>doctrinam,</strong></span> <span class='ocrx_word' id='word_1_13' title='bbox 1182 840 1446 910; x_wconf 68' lang='lat' dir='ltr'><strong>nnonnnuqnanr</strong></span> <span class='ocrx_word' id='word_1_14' title='bbox 1462 823 1559 886; x_wconf 82' lang='lat' dir='ltr'><strong>etiarn</strong></span> <span class='ocrx_word' id='word_1_15' title='bbox 1588 836 1625 886; x_wconf 73' lang='lat' dir='ltr'><strong>ro</strong></span> <span class='ocrx_word' id='word_1_16' title='bbox 1643 825 1744 909; x_wconf 89' lang='lat' dir='ltr'><strong>pingi,</strong></span> <span class='ocrx_word' id='word_1_17' title='bbox 1760 823 2133 910; x_wconf 80' lang='lat' dir='ltr'><strong>ridetqne&#39;l&#39;ychseninnr</strong></span> 
     </span>
     <span class='ocr_line' id='line_1_3' title="bbox 510 941 2133 1033; baseline -0.002 -20"><span class='ocrx_word' id='word_1_18' title='bbox 510 949 566 1033; x_wconf 90' lang='grc' dir='ltr'><strong>(ιιι</strong></span> <span class='ocrx_word' id='word_1_19' title='bbox 579 946 661 1012; x_wconf 85' lang='lat' dir='ltr'><strong>solet</strong></span> <span class='ocrx_word' id='word_1_20' title='bbox 676 947 708 1009; x_wconf 93' lang='lat' dir='ltr'><strong>ln</strong></span> <span class='ocrx_word' id='word_1_21' title='bbox 727 945 812 1008; x_wconf 88' lang='lat' dir='ltr'><strong>hune</strong></span> <span class='ocrx_word' id='word_1_22' title='bbox 826 947 955 1030; x_wconf 80' lang='lat' dir='ltr'><strong>iniquae</strong></span> <span class='ocrx_word' id='word_1_23' title='bbox 975 941 1086 1028; x_wconf 84' lang='lat' dir='ltr'><strong>etse),</strong></span> <span class='ocrx_word' id='word_1_24' title='bbox 1109 945 1163 1028; x_wconf 88' lang='lat' dir='ltr'><strong>qui</strong></span> <span class='ocrx_word' id='word_1_25' title='bbox 1177 956 1320 1028; x_wconf 83' lang='lat' dir='ltr'><strong>quartam</strong></span> <span class='ocrx_word' id='word_1_26' title='bbox 1336 941 1476 1007; x_wconf 87' lang='lat' dir='ltr'><strong>litteram</strong></span> <span class='ocrx_word' id='word_1_27' title='bbox 1496 943 1535 1006; x_wconf 89' lang='lat' dir='ltr'><strong>ed</strong></span> <span class='ocrx_word' id='word_1_28' title='bbox 1552 959 1667 1006; x_wconf 83' lang='lat' dir='ltr'><strong>nornen</strong></span> <span class='ocrx_word' id='word_1_29' title='bbox 1688 946 1851 1028; x_wconf 84' lang='lat' dir='ltr'><strong>proprium</strong></span> <span class='ocrx_word' id='word_1_30' title='bbox 1867 944 1957 1010; x_wconf 82' lang='lat' dir='ltr'><strong>urhis</strong></span> <span class='ocrx_word' id='word_1_31' title='bbox 1973 947 2133 1030; x_wconf 87' lang='lat' dir='ltr'><strong>pertinere</strong></span> 
     </span>
     <span class='ocr_line' id='line_1_4' title="bbox 509 1051 2133 1148; baseline -0.003 -22"><span class='ocrx_word' id='word_1_32' title='bbox 509 1079 631 1148; x_wconf 85' lang='lat' dir='ltr'><strong>aegeas</strong></span> <span class='ocrx_word' id='word_1_33' title='bbox 646 1060 734 1122; x_wconf 89' lang='lat' dir='ltr'><strong>nurui</strong></span> <span class='ocrx_word' id='word_1_34' title='bbox 751 1055 891 1121; x_wconf 84' lang='lat' dir='ltr'><strong>velorent</strong></span> <span class='ocrx_word' id='word_1_35' title='bbox 907 1056 1049 1120; x_wconf 85' lang='lat' dir='ltr'><strong>indicere</strong></span> <span class='ocrx_word' id='word_1_36' title='bbox 1065 1058 1257 1121; x_wconf 85' lang='lat' dir='ltr'><strong>coniecerat.</strong></span> <span class='ocrx_word' id='word_1_37' title='bbox 1300 1053 1388 1132; x_wconf 84' lang='lat' dir='ltr'><strong>Quid</strong></span> <span class='ocrx_word' id='word_1_38' title='bbox 1408 1054 1537 1119; x_wconf 82' lang='lat' dir='ltr'><strong>antemi</strong></span> <span class='ocrx_word' id='word_1_39' title='bbox 1567 1051 1654 1118; x_wconf 87' lang='grc' dir='ltr'><strong>Νιιιιι</strong></span> <span class='ocrx_word' id='word_1_40' title='bbox 1669 1056 1740 1120; x_wconf 83' lang='lat' dir='ltr'><strong>Aia</strong></span> <span class='ocrx_word' id='word_1_41' title='bbox 1754 1053 1861 1120; x_wconf 90' lang='lat' dir='ltr'><strong>littera</strong></span> <span class='ocrx_word' id='word_1_42' title='bbox 1877 1059 1973 1120; x_wconf 84' lang='lat' dir='ltr'><strong>etiam</strong></span> <span class='ocrx_word' id='word_1_43' title='bbox 1996 1055 2133 1144; x_wconf 83' lang='lat' dir='ltr'><strong>liguram</strong></span> 
     </span>
     <span class='ocr_line' id='line_1_5' title="bbox 509 1163 2133 1255; baseline -0.002 -18"><span class='ocrx_word' id='word_1_44' title='bbox 509 1173 643 1237; x_wconf 85' lang='lat' dir='ltr'><strong>eandem</strong></span> <span class='ocrx_word' id='word_1_45' title='bbox 660 1169 757 1234; x_wconf 87' lang='lat' dir='ltr'><strong>hahet</strong></span> <span class='ocrx_word' id='word_1_46' title='bbox 770 1183 864 1255; x_wconf 84' lang='lat' dir='ltr'><strong>atque</strong></span> <span class='ocrx_word' id='word_1_47' title='bbox 879 1169 981 1247; x_wconf 79' lang='lat' dir='ltr'><strong>dicar,</strong></span> <span class='ocrx_word' id='word_1_48' title='bbox 997 1181 1033 1232; x_wconf 90' lang='lat' dir='ltr'><strong>nt</strong></span> <span class='ocrx_word' id='word_1_49' title='bbox 1047 1166 1108 1232; x_wconf 86' lang='lat' dir='ltr'><strong>litt.</strong></span> <span class='ocrx_word' id='word_1_50' title='bbox 1125 1167 1168 1247; x_wconf 92' lang='lat' dir='ltr'><strong>D,</strong></span> <span class='ocrx_word' id='word_1_51' title='bbox 1187 1181 1242 1232; x_wconf 86' lang='lat' dir='ltr'><strong>nat</strong></span> <span class='ocrx_word' id='word_1_52' title='bbox 1257 1165 1379 1252; x_wconf 72' lang='lat' dir='ltr'><strong>Alepl,</strong></span> <span class='ocrx_word' id='word_1_53' title='bbox 1395 1183 1432 1232; x_wconf 90' lang='lat' dir='ltr'><strong>nt</strong></span> <span class='ocrx_word' id='word_1_54' title='bbox 1446 1165 1506 1232; x_wconf 89' lang='lat' dir='ltr'><strong>litt.</strong></span> <span class='ocrx_word' id='word_1_55' title='bbox 1521 1166 1566 1245; x_wconf 89' lang='lat' dir='ltr'><strong>H,</strong></span> <span class='ocrx_word' id='word_1_56' title='bbox 1584 1180 1640 1231; x_wconf 90' lang='lat' dir='ltr'><strong>eut</strong></span> <span class='ocrx_word' id='word_1_57' title='bbox 1655 1163 1769 1246; x_wconf 73' lang='lat' dir='ltr'><strong>Selia,</strong></span> <span class='ocrx_word' id='word_1_58' title='bbox 1793 1183 1828 1232; x_wconf 90' lang='lat' dir='ltr'><strong>nt</strong></span> <span class='ocrx_word' id='word_1_59' title='bbox 1845 1167 1906 1233; x_wconf 90' lang='lat' dir='ltr'><strong>litt.</strong></span> <span class='ocrx_word' id='word_1_60' title='bbox 1923 1167 1968 1249; x_wconf 88' lang='lat' dir='ltr'><strong>K,</strong></span> <span class='ocrx_word' id='word_1_61' title='bbox 1984 1183 2038 1234; x_wconf 86' lang='lat' dir='ltr'><strong>aut</strong></span> <span class='ocrx_word' id='word_1_62' title='bbox 2052 1172 2133 1234; x_wconf 88' lang='lat' dir='ltr'><strong>adeo</strong></span> 
     </span>
     <span class='ocr_line' id='line_1_6' title="bbox 509 1279 2133 1368; baseline -0.002 -18"><span class='ocrx_word' id='word_1_63' title='bbox 509 1285 643 1350; x_wconf 81' lang='lat' dir='ltr'><strong>deerunt</strong></span> <span class='ocrx_word' id='word_1_64' title='bbox 658 1287 795 1348; x_wconf 77' lang='lat' dir='ltr'><strong>triumve</strong></span> <span class='ocrx_word' id='word_1_65' title='bbox 809 1281 1001 1358; x_wconf 83' lang='lat' dir='ltr'><strong>litterarum,</strong></span> <span class='ocrx_word' id='word_1_66' title='bbox 1016 1294 1051 1345; x_wconf 90' lang='lat' dir='ltr'><strong>ut</strong></span> <span class='ocrx_word' id='word_1_67' title='bbox 1063 1279 1124 1345; x_wconf 88' lang='lat' dir='ltr'><strong>litt.</strong></span> <span class='ocrx_word' id='word_1_68' title='bbox 1139 1281 1175 1346; x_wconf 70' lang='lat'><strong>1².</strong></span> <span class='ocrx_word' id='word_1_69' title='bbox 1192 1281 1229 1345; x_wconf 84' lang='lat' dir='ltr'><strong>ll</strong></span> <span class='ocrx_word' id='word_1_70' title='bbox 1257 1280 1294 1346; x_wconf 94' lang='lat' dir='ltr'><strong>ld</strong></span> <span class='ocrx_word' id='word_1_71' title='bbox 1310 1295 1346 1345; x_wconf 90' lang='grc' dir='ltr'><strong>ιιι</strong></span> <span class='ocrx_word' id='word_1_72' title='bbox 1359 1301 1454 1344; x_wconf 86' lang='lat' dir='ltr'><strong>nemo</strong></span> <span class='ocrx_word' id='word_1_73' title='bbox 1467 1293 1603 1357; x_wconf 84' lang='lat' dir='ltr'><strong>statuet,</strong></span> <span class='ocrx_word' id='word_1_74' title='bbox 1625 1301 1727 1365; x_wconf 85' lang='lat' dir='ltr'><strong>neque</strong></span> <span class='ocrx_word' id='word_1_75' title='bbox 1740 1302 1819 1346; x_wconf 88' lang='lat' dir='ltr'><strong>sane</strong></span> <span class='ocrx_word' id='word_1_76' title='bbox 1829 1279 1977 1368; x_wconf 72' lang='lat' dir='ltr'><strong>llo&#39;ppius</strong></span> <span class='ocrx_word' id='word_1_77' title='bbox 1991 1282 2133 1362; x_wconf 86' lang='lat' dir='ltr'><strong>lecisset,</strong></span> 
     </span>
     <span class='ocr_line' id='line_1_7' title="bbox 498 1374 2134 1482; baseline -0.002 -19"><span class='ocrx_word' id='word_1_78' title='bbox 498 1401 536 1464; x_wconf 80' lang='lat' dir='ltr'><strong>ei</strong></span> <span class='ocrx_word' id='word_1_79' title='bbox 551 1399 620 1461; x_wconf 86' lang='lat' dir='ltr'><strong>eius</strong></span> <span class='ocrx_word' id='word_1_80' title='bbox 636 1399 765 1482; x_wconf 89' lang='lat' dir='ltr'><strong>generis</strong></span> <span class='ocrx_word' id='word_1_81' title='bbox 786 1374 934 1480; x_wconf 79' lang='lat' dir='ltr'><strong>exempla</strong></span> <span class='ocrx_word' id='word_1_82' title='bbox 956 1407 1031 1458; x_wconf 86' lang='lat' dir='ltr'><strong>ente</strong></span> <span class='ocrx_word' id='word_1_83' title='bbox 1052 1393 1163 1459; x_wconf 84' lang='lat' dir='ltr'><strong>oeulos</strong></span> <span class='ocrx_word' id='word_1_84' title='bbox 1186 1392 1369 1459; x_wconf 79' lang='lat' dir='ltr'><strong>habuissett</strong></span> <span class='ocrx_word' id='word_1_85' title='bbox 1394 1396 1438 1456; x_wconf 90' lang='lat' dir='ltr'><strong>ite</strong></span> <span class='ocrx_word' id='word_1_86' title='bbox 1452 1407 1653 1478; x_wconf 85' lang='lat' dir='ltr'><strong>agnoverunt</strong></span> <span class='ocrx_word' id='word_1_87' title='bbox 1668 1396 1763 1458; x_wconf 88' lang='lat' dir='ltr'><strong>etiarn</strong></span> <span class='ocrx_word' id='word_1_88' title='bbox 1783 1391 2031 1482; x_wconf 68' lang='lat' dir='ltr'>abieceruntque</span> <span class='ocrx_word' id='word_1_89' title='bbox 2046 1417 2134 1460; x_wconf 88' lang='lat' dir='ltr'><strong>erro·</strong></span> 
     </span>
     <span class='ocr_line' id='line_1_8' title="bbox 508 1503 2134 1594; baseline -0.001 -18"><span class='ocrx_word' id='word_1_90' title='bbox 508 1529 576 1576; x_wconf 82' lang='lat' dir='ltr'><strong>rent</strong></span> <span class='ocrx_word' id='word_1_91' title='bbox 595 1507 830 1594; x_wconf 85' lang='lat' dir='ltr'><strong>Palaeographi</strong></span> <span class='ocrx_word' id='word_1_92' title='bbox 854 1527 893 1572; x_wconf 88' lang='lat' dir='ltr'><strong>ea</strong></span> <span class='ocrx_word' id='word_1_93' title='bbox 915 1504 1106 1592; x_wconf 88' lang='lat' dir='ltr'><strong>probantes,</strong></span> <span class='ocrx_word' id='word_1_94' title='bbox 1134 1527 1216 1594; x_wconf 81' lang='lat' dir='ltr'><strong>quae</strong></span> <span class='ocrx_word' id='word_1_95' title='bbox 1239 1509 1374 1572; x_wconf 90' lang='lat' dir='ltr'><strong>nosiaru</strong></span> <span class='ocrx_word' id='word_1_96' title='bbox 1390 1507 1444 1570; x_wconf 92' lang='lat' dir='ltr'><strong>diu</strong></span> <span class='ocrx_word' id='word_1_97' title='bbox 1458 1506 1497 1571; x_wconf 91' lang='lat' dir='ltr'><strong>de</strong></span> <span class='ocrx_word' id='word_1_98' title='bbox 1514 1523 1590 1568; x_wconf 81' lang='lat' dir='ltr'><strong>vcra</strong></span> <span class='ocrx_word' id='word_1_99' title='bbox 1604 1503 1717 1570; x_wconf 88' lang='lat' dir='ltr'><strong>harum</strong></span> <span class='ocrx_word' id='word_1_100' title='bbox 1738 1506 1986 1593; x_wconf 83' lang='lat' dir='ltr'><strong>epigrapharutn</strong></span> <span class='ocrx_word' id='word_1_101' title='bbox 2010 1512 2134 1574; x_wconf 84' lang='lat' dir='ltr'><strong>ratione</strong></span> 
     </span>
     <span class='ocr_line' id='line_1_9' title="bbox 508 1615 2133 1708; baseline -0.001 -20"><span class='ocrx_word' id='word_1_102' title='bbox 508 1624 741 1708; x_wconf 80' lang='lat' dir='ltr'><strong>disputavimus</strong></span> <span class='ocrx_word' id='word_1_103' title='bbox 757 1619 864 1707; x_wconf 86' lang='lat' dir='ltr'><strong>(Allg.</strong></span> <span class='ocrx_word' id='word_1_104' title='bbox 881 1620 960 1684; x_wconf 92' lang='lat' dir='ltr'><strong>Litt.</strong></span> <span class='ocrx_word' id='word_1_105' title='bbox 975 1615 1056 1684; x_wconf 79' lang='lat' dir='ltr'><strong>zur.</strong></span> <span class='ocrx_word' id='word_1_106' title='bbox 1073 1625 1154 1685; x_wconf 81' lang='grc'>1825</span> <span class='ocrx_word' id='word_1_107' title='bbox 1170 1624 1271 1684; x_wconf 67' lang='lat' dir='ltr'><strong>nobb</strong></span> <span class='ocrx_word' id='word_1_108' title='bbox 1285 1619 1326 1683; x_wconf 86' lang='lat' dir='ltr'><strong>ci.</strong></span> <span class='ocrx_word' id='word_1_109' title='bbox 1343 1615 1557 1703; x_wconf 87' lang='lat' dir='ltr'><strong>Hohlenherg</strong></span> <span class='ocrx_word' id='word_1_110' title='bbox 1571 1621 1603 1681; x_wconf 93' lang='lat' dir='ltr'><strong>in</strong></span> <span class='ocrx_word' id='word_1_111' title='bbox 1620 1615 1876 1685; x_wconf 82' lang='lat' dir='ltr'><strong>Maanedsskriit</strong></span> <span class='ocrx_word' id='word_1_112' title='bbox 1890 1620 1942 1684; x_wconf 83' lang='lat' dir='ltr'><strong>ior</strong></span> <span class='ocrx_word' id='word_1_113' title='bbox 1958 1622 2133 1686; x_wconf 86' lang='lat' dir='ltr'><strong>Litteratnr</strong></span> 
     </span>
     <span class='ocr_line' id='line_1_10' title="bbox 508 1729 2134 1820; baseline -0.002 -18"><span class='ocrx_word' id='word_1_114' title='bbox 508 1735 548 1802; x_wconf 77' lang='lat' dir='ltr'><strong>‘l&#39;-</strong></span> <span class='ocrx_word' id='word_1_115' title='bbox 573 1729 596 1800; x_wconf 85' lang='lat'><strong>1·</strong></span> <span class='ocrx_word' id='word_1_116' title='bbox 620 1755 649 1820; x_wconf 86' lang='lat' dir='ltr'><strong>p.</strong></span> <span class='ocrx_word' id='word_1_117' title='bbox 674 1739 748 1799; x_wconf 78' lang='grc'>259.</span> <span class='ocrx_word' id='word_1_118' title='bbox 791 1731 970 1797; x_wconf 83' lang='grc' dir='ltr'><strong>ΗιιιιιιιΙιιιιὶ</strong></span> <span class='ocrx_word' id='word_1_119' title='bbox 991 1729 1130 1796; x_wconf 87' lang='lat' dir='ltr'><strong>Miscell.</strong></span> <span class='ocrx_word' id='word_1_120' title='bbox 1154 1733 1247 1814; x_wconf 87' lang='grc'>262).</span> <span class='ocrx_word' id='word_1_121' title='bbox 1291 1730 1383 1797; x_wconf 81' lang='lat' dir='ltr'><strong>Unus</strong></span> <span class='ocrx_word' id='word_1_122' title='bbox 1406 1729 1623 1816; x_wconf 87' lang='lat' dir='ltr'><strong>Lindhergius</strong></span> <span class='ocrx_word' id='word_1_123' title='bbox 1645 1729 1687 1815; x_wconf 94' lang='lat' dir='ltr'><strong>(l.</strong></span> <span class='ocrx_word' id='word_1_124' title='bbox 1710 1754 1738 1796; x_wconf 90' lang='lat' dir='ltr'><strong>c.</strong></span> <span class='ocrx_word' id='word_1_125' title='bbox 1762 1755 1833 1818; x_wconf 86' lang='lat' dir='ltr'><strong>pag.</strong></span> <span class='ocrx_word' id='word_1_126' title='bbox 1857 1735 1917 1816; x_wconf 87' lang='grc'><strong>19)</strong></span> <span class='ocrx_word' id='word_1_127' title='bbox 1940 1755 2005 1799; x_wconf 89' lang='lat' dir='ltr'><strong>non</strong></span> <span class='ocrx_word' id='word_1_128' title='bbox 2028 1731 2134 1799; x_wconf 83' lang='lat' dir='ltr'><strong>solutu</strong></span> 
     </span>
     <span class='ocr_line' id='line_1_11' title="bbox 509 1841 2134 1934; baseline -0.001 -21"><span class='ocrx_word' id='word_1_129' title='bbox 509 1849 639 1934; x_wconf 79' lang='lat' dir='ltr'><strong>repetiit</strong></span> <span class='ocrx_word' id='word_1_130' title='bbox 659 1849 873 1911; x_wconf 84' lang='lat' dir='ltr'><strong>inveteratum</strong></span> <span class='ocrx_word' id='word_1_131' title='bbox 896 1863 1059 1924; x_wconf 85' lang='lat' dir='ltr'><strong>errorent,</strong></span> <span class='ocrx_word' id='word_1_132' title='bbox 1089 1846 1146 1909; x_wconf 90' lang='lat' dir='ltr'><strong>sed</strong></span> <span class='ocrx_word' id='word_1_133' title='bbox 1169 1843 1251 1908; x_wconf 90' lang='lat' dir='ltr'><strong>adeo</strong></span> <span class='ocrx_word' id='word_1_134' title='bbox 1274 1848 1390 1910; x_wconf 91' lang='lat' dir='ltr'><strong>acriter</strong></span> <span class='ocrx_word' id='word_1_135' title='bbox 1411 1841 1555 1909; x_wconf 79' lang='lat' dir='ltr'><strong>defendit</strong></span> <span class='ocrx_word' id='word_1_136' title='bbox 1575 1843 1609 1906; x_wconf 94' lang='lat' dir='ltr'><strong>in</strong></span> <span class='ocrx_word' id='word_1_137' title='bbox 1633 1847 1775 1930; x_wconf 81' lang='lat' dir='ltr'><strong>epistola</strong></span> <span class='ocrx_word' id='word_1_138' title='bbox 1795 1846 1841 1910; x_wconf 84' lang='lat' dir='ltr'><strong>ad</strong></span> <span class='ocrx_word' id='word_1_139' title='bbox 1854 1843 2134 1933; x_wconf 79' lang='lat' dir='ltr'><strong>Helicabcrgitua</strong></span> 
     </span>
     <span class='ocr_line' id='line_1_12' title="bbox 509 1955 2134 2046; baseline -0.001 -20"><span class='ocrx_word' id='word_1_140' title='bbox 509 1959 623 2026; x_wconf 85' lang='lat' dir='ltr'><strong>danice</strong></span> <span class='ocrx_word' id='word_1_141' title='bbox 645 1961 763 2045; x_wconf 82' lang='lat' dir='ltr'><strong>scripta</strong></span> <span class='ocrx_word' id='word_1_142' title='bbox 785 1958 882 2043; x_wconf 88' lang='lat' dir='ltr'><strong>(vide</strong></span> <span class='ocrx_word' id='word_1_143' title='bbox 904 1957 944 2020; x_wconf 90' lang='lat' dir='ltr'><strong>ad</strong></span> <span class='ocrx_word' id='word_1_144' title='bbox 968 1955 1071 2022; x_wconf 88' lang='lat' dir='ltr'><strong>Melit.</strong></span> <span class='ocrx_word' id='word_1_145' title='bbox 1092 1959 1134 2040; x_wconf 92' lang='grc'><strong>1)</strong></span> <span class='ocrx_word' id='word_1_146' title='bbox 1157 1977 1185 2044; x_wconf 88' lang='lat' dir='ltr'><strong>p.</strong></span> <span class='ocrx_word' id='word_1_147' title='bbox 1203 1963 1244 2022; x_wconf 86' lang='grc'><strong>16</strong></span> <span class='ocrx_word' id='word_1_148' title='bbox 1263 1979 1347 2044; x_wconf 86' lang='lat' dir='ltr'><strong>sqq.,</strong></span> <span class='ocrx_word' id='word_1_149' title='bbox 1380 1955 1494 2021; x_wconf 83' lang='lat' dir='ltr'><strong>ficticii</strong></span> <span class='ocrx_word' id='word_1_150' title='bbox 1524 1957 1662 2020; x_wconf 82' lang='lat' dir='ltr'><strong>neminis</strong></span> <span class='ocrx_word' id='word_1_151' title='bbox 1684 1973 1776 2024; x_wconf 65' lang='lat' dir='ltr'><strong>anun</strong></span> <span class='ocrx_word' id='word_1_152' title='bbox 1800 1973 1928 2040; x_wconf 83' lang='lat' dir='ltr'><strong>etymon</strong></span> <span class='ocrx_word' id='word_1_153' title='bbox 1951 1979 2134 2046; x_wconf 81' lang='lat' dir='ltr'><strong>proponens</strong></span> 
     </span>
     <span class='ocr_line' id='line_1_13' title="bbox 509 2068 2132 2180; baseline 0 -42"><span class='ocrx_word' id='word_1_154' title='bbox 509 2091 528 2138; x_wconf 88' lang='grc' dir='ltr'><strong>ιι</strong></span> <span class='ocrx_word' id='word_1_155' title='bbox 557 2091 625 2141; x_wconf 76' lang='grc' dir='ltr'><strong>ιιι-ι</strong></span> <span class='ocrx_word' id='word_1_156' title='bbox 657 2086 710 2180; x_wconf 52' lang='grc' dir='ltr'><strong>θ’)</strong></span> <span class='ocrx_word' id='word_1_157' title='bbox 730 2081 862 2157; x_wconf 80' lang='lat' dir='ltr'><strong>pariunt</strong></span> <span class='ocrx_word' id='word_1_158' title='bbox 882 2076 966 2136; x_wconf 80' lang='lat' dir='ltr'><strong>icit:</strong></span> <span class='ocrx_word' id='word_1_159' title='bbox 997 2071 1254 2157; x_wconf 22' lang='lat' dir='ltr'><strong>qnodeogrnagis</strong></span> <span class='ocrx_word' id='word_1_160' title='bbox 1271 2071 1449 2135; x_wconf 86' lang='lat' dir='ltr'><strong>mirandum</strong></span> <span class='ocrx_word' id='word_1_161' title='bbox 1466 2083 1533 2148; x_wconf 86' lang='lat' dir='ltr'><strong>est,</strong></span> <span class='ocrx_word' id='word_1_162' title='bbox 1556 2068 1834 2156; x_wconf 84' lang='lat' dir='ltr'><strong>quumexernpla,</strong></span> <span class='ocrx_word' id='word_1_163' title='bbox 1862 2091 1944 2156; x_wconf 79' lang='lat' dir='ltr'><strong>quse</strong></span> <span class='ocrx_word' id='word_1_164' title='bbox 1956 2073 2046 2138; x_wconf 84' lang='lat' dir='ltr'><strong>iuxta</strong></span> <span class='ocrx_word' id='word_1_165' title='bbox 2058 2091 2132 2144; x_wconf 67' lang='lat' dir='ltr'><strong>nnn</strong></span> 
     </span>
     <span class='ocr_line' id='line_1_14' title="bbox 508 2187 2135 2274; baseline 0.001 -19"><span class='ocrx_word' id='word_1_166' title='bbox 508 2190 691 2256; x_wconf 84' lang='lat' dir='ltr'><strong>litteremn</strong></span> <span class='ocrx_word' id='word_1_167' title='bbox 718 2189 892 2269; x_wconf 89' lang='lat' dir='ltr'><strong>haberent,</strong></span> <span class='ocrx_word' id='word_1_168' title='bbox 926 2192 992 2254; x_wconf 89' lang='lat' dir='ltr'><strong>iam</strong></span> <span class='ocrx_word' id='word_1_169' title='bbox 1025 2199 1101 2252; x_wconf 91' lang='lat' dir='ltr'><strong>tuac</strong></span> <span class='ocrx_word' id='word_1_170' title='bbox 1130 2209 1228 2274; x_wconf 82' lang='lat' dir='ltr'><strong>quum</strong></span> <span class='ocrx_word' id='word_1_171' title='bbox 1258 2188 1339 2254; x_wconf 89' lang='lat' dir='ltr'><strong>haec</strong></span> <span class='ocrx_word' id='word_1_172' title='bbox 1365 2188 1521 2254; x_wconf 78' lang='lat' dir='ltr'><strong>scriberet</strong></span> <span class='ocrx_word' id='word_1_173' title='bbox 1541 2187 1759 2274; x_wconf 87' lang='lat' dir='ltr'><strong>Liudbergins</strong></span> <span class='ocrx_word' id='word_1_174' title='bbox 1781 2192 1813 2252; x_wconf 92' lang='lat' dir='ltr'><strong>iu</strong></span> <span class='ocrx_word' id='word_1_175' title='bbox 1836 2187 1929 2255; x_wconf 90' lang='lat' dir='ltr'><strong>libris</strong></span> <span class='ocrx_word' id='word_1_176' title='bbox 1951 2195 2029 2256; x_wconf 85' lang='lat' dir='ltr'><strong>satis</strong></span> <span class='ocrx_word' id='word_1_177' title='bbox 2051 2193 2135 2256; x_wconf 87' lang='lat' dir='ltr'><strong>notis</strong></span> 
     </span>
     <span class='ocr_line' id='line_1_15' title="bbox 416 2299 2132 2390; baseline -0.001 -22"><span class='ocrx_word' id='word_1_178' title='bbox 416 2309 420 2318; x_wconf 88' lang='lat'>&#39;</span> <span class='ocrx_word' id='word_1_179' title='bbox 511 2303 656 2389; x_wconf 78' lang='lat' dir='ltr'><strong>(liutans</strong></span> <span class='ocrx_word' id='word_1_180' title='bbox 676 2323 709 2390; x_wconf 92' lang='lat' dir='ltr'><strong>p.</strong></span> <span class='ocrx_word' id='word_1_181' title='bbox 732 2305 804 2368; x_wconf 84' lang='grc'>141).</span> <span class='ocrx_word' id='word_1_182' title='bbox 843 2301 992 2368; x_wconf 86' lang='lat' dir='ltr'><strong>Mioauet</strong></span> <span class='ocrx_word' id='word_1_183' title='bbox 1019 2299 1062 2386; x_wconf 83' lang='lat' dir='ltr'><strong>pl·</strong></span> <span class='ocrx_word' id='word_1_184' title='bbox 1086 2305 1128 2366; x_wconf 91' lang='grc'>23</span> <span class='ocrx_word' id='word_1_185' title='bbox 1157 2323 1211 2368; x_wconf 90' lang='lat' dir='ltr'><strong>no.</strong></span> <span class='ocrx_word' id='word_1_186' title='bbox 1234 2303 1294 2388; x_wconf 86' lang='grc'><strong>15)</strong></span> <span class='ocrx_word' id='word_1_187' title='bbox 1323 2303 1409 2367; x_wconf 86' lang='lat' dir='ltr'><strong>edita</strong></span> <span class='ocrx_word' id='word_1_188' title='bbox 1431 2315 1539 2366; x_wconf 89' lang='lat' dir='ltr'><strong>esseut</strong></span> <span class='ocrx_word' id='word_1_189' title='bbox 1560 2304 1654 2386; x_wconf 89' lang='lat' dir='ltr'><strong>eique</strong></span> <span class='ocrx_word' id='word_1_190' title='bbox 1675 2304 1787 2386; x_wconf 87' lang='lat' dir='ltr'><strong>ignota</strong></span> <span class='ocrx_word' id='word_1_191' title='bbox 1808 2323 1881 2366; x_wconf 92' lang='lat' dir='ltr'><strong>esse</strong></span> <span class='ocrx_word' id='word_1_192' title='bbox 1904 2323 1967 2366; x_wconf 91' lang='lat' dir='ltr'><strong>non</strong></span> <span class='ocrx_word' id='word_1_193' title='bbox 1991 2317 2132 2389; x_wconf 84' lang='lat' dir='ltr'><strong>possent.</strong></span> 
     </span>
     <span class='ocr_line' id='line_1_16' title="bbox 510 2412 2134 2503; baseline 0 -23"><span class='ocrx_word' id='word_1_194' title='bbox 510 2413 604 2480; x_wconf 87' lang='lat' dir='ltr'><strong>Nunc</strong></span> <span class='ocrx_word' id='word_1_195' title='bbox 626 2429 713 2480; x_wconf 87' lang='lat' dir='ltr'><strong>certe</strong></span> <span class='ocrx_word' id='word_1_196' title='bbox 734 2417 887 2501; x_wconf 88' lang='lat' dir='ltr'><strong>inspectis</strong></span> <span class='ocrx_word' id='word_1_197' title='bbox 908 2418 1068 2484; x_wconf 87' lang='lat' dir='ltr'><strong>eiusmodi</strong></span> <span class='ocrx_word' id='word_1_198' title='bbox 1090 2414 1246 2503; x_wconf 83' lang='lat' dir='ltr'><strong>exemplis</strong></span> <span class='ocrx_word' id='word_1_199' title='bbox 1268 2414 1375 2501; x_wconf 86' lang='lat' dir='ltr'><strong>qualia</strong></span> <span class='ocrx_word' id='word_1_200' title='bbox 1396 2416 1541 2480; x_wconf 86' lang='lat' dir='ltr'><strong>dedimus</strong></span> <span class='ocrx_word' id='word_1_201' title='bbox 1556 2413 1617 2478; x_wconf 89' lang='lat' dir='ltr'><strong>litt.</strong></span> <span class='ocrx_word' id='word_1_202' title='bbox 1633 2413 1673 2477; x_wconf 91' lang='lat' dir='ltr'><strong>D.</strong></span> <span class='ocrx_word' id='word_1_203' title='bbox 1687 2413 1729 2478; x_wconf 88' lang='lat' dir='ltr'><strong>H.</strong></span> <span class='ocrx_word' id='word_1_204' title='bbox 1743 2412 1767 2477; x_wconf 92' lang='lat' dir='ltr'><strong>l.</strong></span> <span class='ocrx_word' id='word_1_205' title='bbox 1782 2414 1833 2494; x_wconf 90' lang='lat' dir='ltr'><strong>K,</strong></span> <span class='ocrx_word' id='word_1_206' title='bbox 1855 2418 1925 2501; x_wconf 87' lang='lat' dir='ltr'><strong>ipse</strong></span> <span class='ocrx_word' id='word_1_207' title='bbox 1947 2417 1994 2479; x_wconf 84' lang='lat' dir='ltr'><strong>vir</strong></span> <span class='ocrx_word' id='word_1_208' title='bbox 2013 2417 2134 2480; x_wconf 88' lang='lat' dir='ltr'><strong>deotis-</strong></span> 
     </span>
     <span class='ocr_line' id='line_1_17' title="bbox 511 2525 2133 2618; baseline -0.002 -24"><span class='ocrx_word' id='word_1_209' title='bbox 511 2531 611 2594; x_wconf 85' lang='lat' dir='ltr'><strong>simus</strong></span> <span class='ocrx_word' id='word_1_210' title='bbox 638 2525 726 2592; x_wconf 84' lang='lat' dir='ltr'><strong>illins</strong></span> <span class='ocrx_word' id='word_1_211' title='bbox 755 2531 935 2614; x_wconf 74' lang='lat' dir='ltr'><strong>opinionis,</strong></span> <span class='ocrx_word' id='word_1_212' title='bbox 969 2551 1051 2617; x_wconf 88' lang='lat' dir='ltr'><strong>qnae</strong></span> <span class='ocrx_word' id='word_1_213' title='bbox 1079 2532 1303 2618; x_wconf 84' lang='lat' dir='ltr'><strong>impotentiora</strong></span> <span class='ocrx_word' id='word_1_214' title='bbox 1325 2529 1512 2614; x_wconf 86' lang='lat' dir='ltr'><strong>disputandi</strong></span> <span class='ocrx_word' id='word_1_215' title='bbox 1533 2547 1654 2614; x_wconf 78' lang='lat' dir='ltr'><strong>genere</strong></span> <span class='ocrx_word' id='word_1_216' title='bbox 1676 2529 1892 2592; x_wconf 86' lang='lat' dir='ltr'><strong>commendari</strong></span> <span class='ocrx_word' id='word_1_217' title='bbox 1915 2549 1977 2592; x_wconf 93' lang='lat' dir='ltr'><strong>non</strong></span> <span class='ocrx_word' id='word_1_218' title='bbox 1999 2541 2133 2615; x_wconf 89' lang='lat' dir='ltr'><strong>poterat,</strong></span> 
     </span>
     <span class='ocr_line' id='line_1_18' title="bbox 511 2635 2103 2731; baseline 0.003 -29"><span class='ocrx_word' id='word_1_219' title='bbox 511 2644 686 2706; x_wconf 79' lang='lat' dir='ltr'><strong>vanitatem</strong></span> <span class='ocrx_word' id='word_1_220' title='bbox 709 2635 856 2721; x_wconf 85' lang='lat' dir='ltr'><strong>abiiciet,</strong></span> <span class='ocrx_word' id='word_1_221' title='bbox 886 2643 1067 2731; x_wconf 76' lang='lat' dir='ltr'><strong>facientque</strong></span> <span class='ocrx_word' id='word_1_222' title='bbox 1090 2645 1124 2709; x_wconf 94' lang='lat' dir='ltr'><strong>id</strong></span> <span class='ocrx_word' id='word_1_223' title='bbox 1147 2661 1278 2721; x_wconf 84' lang='lat' dir='ltr'><strong>ornnes,</strong></span> <span class='ocrx_word' id='word_1_224' title='bbox 1312 2639 1427 2728; x_wconf 88' lang='lat' dir='ltr'><strong>quibus</strong></span> <span class='ocrx_word' id='word_1_225' title='bbox 1449 2655 1499 2705; x_wconf 88' lang='lat' dir='ltr'><strong>est</strong></span> <span class='ocrx_word' id='word_1_226' title='bbox 1520 2641 1560 2704; x_wconf 87' lang='lat' dir='ltr'><strong>de</strong></span> <span class='ocrx_word' id='word_1_227' title='bbox 1581 2639 1633 2706; x_wconf 88' lang='lat' dir='ltr'><strong>his</strong></span> <span class='ocrx_word' id='word_1_228' title='bbox 1655 2640 1752 2706; x_wconf 89' lang='lat' dir='ltr'><strong>rehus</strong></span> <span class='ocrx_word' id='word_1_229' title='bbox 1774 2641 1935 2706; x_wconf 91' lang='lat' dir='ltr'><strong>iudicandi</strong></span> <span class='ocrx_word' id='word_1_230' title='bbox 1956 2638 2103 2706; x_wconf 80' lang='lat' dir='ltr'><strong>facultas.</strong></span> 
     </span>
     <span class='ocr_line' id='line_1_19' title="bbox 641 2751 2226 2841; baseline -0.001 -24"><span class='ocrx_word' id='word_1_231' title='bbox 641 2752 690 2818; x_wconf 89' lang='lat' dir='ltr'><strong>De</strong></span> <span class='ocrx_word' id='word_1_232' title='bbox 712 2753 897 2841; x_wconf 83' lang='lat' dir='ltr'><strong>epigraphis</strong></span> <span class='ocrx_word' id='word_1_233' title='bbox 919 2755 1150 2823; x_wconf 83' lang='lat' dir='ltr'><strong>Mionnctianir</strong></span> <span class='ocrx_word' id='word_1_234' title='bbox 1174 2755 1259 2841; x_wconf 88' lang='lat' dir='ltr'><strong>(tab.</strong></span> <span class='ocrx_word' id='word_1_235' title='bbox 1276 2757 1329 2832; x_wconf 90' lang='grc'>23,</span> <span class='ocrx_word' id='word_1_236' title='bbox 1345 2773 1399 2816; x_wconf 89' lang='lat' dir='ltr'><strong>no.</strong></span> <span class='ocrx_word' id='word_1_237' title='bbox 1419 2758 1455 2816; x_wconf 91' lang='grc'><strong>11</strong></span> <span class='ocrx_word' id='word_1_238' title='bbox 1466 2758 1565 2816; x_wconf 92' lang='grc'>-21.</span> <span class='ocrx_word' id='word_1_239' title='bbox 1581 2751 1643 2818; x_wconf 86' lang='lat' dir='ltr'><strong>tab.</strong></span> <span class='ocrx_word' id='word_1_240' title='bbox 1659 2761 1700 2818; x_wconf 82' lang='grc'>24</span> <span class='ocrx_word' id='word_1_241' title='bbox 1716 2775 1769 2818; x_wconf 91' lang='lat' dir='ltr'><strong>no.</strong></span> <span class='ocrx_word' id='word_1_242' title='bbox 1786 2759 1837 2818; x_wconf 89' lang='grc'><strong>22.</strong></span> <span class='ocrx_word' id='word_1_243' title='bbox 1852 2754 1931 2838; x_wconf 91' lang='grc'>23),</span> <span class='ocrx_word' id='word_1_244' title='bbox 1954 2775 2033 2840; x_wconf 87' lang='lat' dir='ltr'><strong>quas</strong></span> <span class='ocrx_word' id='word_1_245' title='bbox 2048 2751 2134 2817; x_wconf 87' lang='lat' dir='ltr'><strong>male</strong></span> <span class='ocrx_word' id='word_1_246' title='bbox 2219 2792 2226 2800; x_wconf 90' lang='lat'>-</span> 
     </span>
     <span class='ocr_line' id='line_1_20' title="bbox 511 2863 2133 2954; baseline -0.001 -22"><span class='ocrx_word' id='word_1_247' title='bbox 511 2869 683 2954; x_wconf 72' lang='lat' dir='ltr'><strong>dispositae</strong></span> <span class='ocrx_word' id='word_1_248' title='bbox 710 2887 784 2932; x_wconf 85' lang='lat' dir='ltr'><strong>esse</strong></span> <span class='ocrx_word' id='word_1_249' title='bbox 812 2869 970 2949; x_wconf 76' lang='lat' dir='ltr'><strong>diximus,</strong></span> <span class='ocrx_word' id='word_1_250' title='bbox 1008 2868 1089 2934; x_wconf 87' lang='lat' dir='ltr'><strong>haec</strong></span> <span class='ocrx_word' id='word_1_251' title='bbox 1118 2870 1236 2934; x_wconf 79' lang='lat' dir='ltr'><strong>addere</strong></span> <span class='ocrx_word' id='word_1_252' title='bbox 1264 2865 1376 2952; x_wconf 88' lang='lat' dir='ltr'><strong>placet.</strong></span> <span class='ocrx_word' id='word_1_253' title='bbox 1425 2863 1462 2928; x_wconf 95' lang='lat' dir='ltr'><strong>ln</strong></span> <span class='ocrx_word' id='word_1_254' title='bbox 1491 2885 1544 2929; x_wconf 87' lang='lat' dir='ltr'><strong>no.</strong></span> <span class='ocrx_word' id='word_1_255' title='bbox 1576 2871 1612 2929; x_wconf 92' lang='grc'><strong>11</strong></span> <span class='ocrx_word' id='word_1_256' title='bbox 1642 2864 1768 2931; x_wconf 80' lang='lat' dir='ltr'><strong>litterae</strong></span> <span class='ocrx_word' id='word_1_257' title='bbox 1797 2884 1868 2936; x_wconf 68' lang='lat' dir='ltr'><strong>nna</strong></span> <span class='ocrx_word' id='word_1_258' title='bbox 1902 2877 1977 2930; x_wconf 89' lang='lat' dir='ltr'><strong>sunt</strong></span> <span class='ocrx_word' id='word_1_259' title='bbox 2003 2873 2133 2951; x_wconf 71' lang='lat' dir='ltr'><strong>prinae</strong></span> 
     </span>
     <span class='ocr_line' id='line_1_21' title="bbox 514 2975 2043 3068; baseline -0.001 -24"><span class='ocrx_word' id='word_1_260' title='bbox 514 2979 723 3066; x_wconf 83' lang='lat' dir='ltr'><strong>epigraphes,</strong></span> <span class='ocrx_word' id='word_1_261' title='bbox 754 2995 799 3047; x_wconf 74' lang='lat' dir='ltr'><strong>n:</strong></span> <span class='ocrx_word' id='word_1_262' title='bbox 822 2983 1001 3060; x_wconf 82' lang='lat' dir='ltr'><strong>secundae,</strong></span> <span class='ocrx_word' id='word_1_263' title='bbox 1031 2981 1129 3046; x_wconf 88' lang='lat' dir='ltr'><strong>ciiree</strong></span> <span class='ocrx_word' id='word_1_264' title='bbox 1151 2985 1310 3045; x_wconf 77' lang='lat' dir='ltr'><strong>inversae.</strong></span> <span class='ocrx_word' id='word_1_265' title='bbox 1353 2975 1390 3042; x_wconf 93' lang='lat' dir='ltr'><strong>ln</strong></span> <span class='ocrx_word' id='word_1_266' title='bbox 1413 2998 1510 3042; x_wconf 88' lang='lat' dir='ltr'><strong>nume</strong></span> <span class='ocrx_word' id='word_1_267' title='bbox 1532 2977 1602 3061; x_wconf 83' lang='lat' dir='ltr'><strong>ipso</strong></span> <span class='ocrx_word' id='word_1_268' title='bbox 1625 2999 1736 3045; x_wconf 84' lang='lat' dir='ltr'><strong>omnes</strong></span> <span class='ocrx_word' id='word_1_269' title='bbox 1758 2983 1804 3046; x_wconf 87' lang='lat' dir='ltr'><strong>ite</strong></span> <span class='ocrx_word' id='word_1_270' title='bbox 1823 2984 1946 3068; x_wconf 86' lang='lat' dir='ltr'><strong>positae</strong></span> <span class='ocrx_word' id='word_1_271' title='bbox 1967 2993 2043 3043; x_wconf 87' lang='lat' dir='ltr'><strong>snut</strong></span> 
     </span>
    </p>
   </div>
   <div class='ocr_carea' id='block_1_3' title="bbox 1225 3249 1260 3625">
    <p class='ocr_par' dir='ltr' id='par_1_3' title="bbox 1225 3249 1260 3625">
     <span class='ocr_line' id='line_1_22' title="bbox 1225 3249 1259 3310; baseline 0 0"><span class='ocrx_word' id='word_1_272' title='bbox 1225 3249 1259 3310; x_wconf 79' lang='lat' dir='ltr'>Z</span> 
     </span>
     <span class='ocr_line' id='line_1_23' title="bbox 1225 3314 1259 3374; baseline 0 0"><span class='ocrx_word' id='word_1_273' title='bbox 1225 3314 1259 3374; x_wconf 78' lang='lat'><strong>²</strong></span> 
     </span>
     <span class='ocr_line' id='line_1_24' title="bbox 1226 3380 1259 3436; baseline 0 0"><span class='ocrx_word' id='word_1_274' title='bbox 1226 3380 1259 3436; x_wconf 81' lang='grc'>2</span> 
     </span>
     <span class='ocr_line' id='line_1_25' title="bbox 1225 3443 1260 3505; baseline 0 0"><span class='ocrx_word' id='word_1_275' title='bbox 1225 3443 1260 3505; x_wconf 84' lang='grc' dir='ltr'>Ζ</span> 
     </span>
     <span class='ocr_line' id='line_1_26' title="bbox 1225 3523 1249 3569; baseline 0 0"><span class='ocrx_word' id='word_1_276' title='bbox 1225 3523 1249 3569; x_wconf 71' lang='grc' dir='ltr'><strong>ι</strong></span> 
     </span>
     <span class='ocr_line' id='line_1_27' title="bbox 1226 3573 1251 3625; baseline 0 0"><span class='ocrx_word' id='word_1_277' title='bbox 1226 3573 1251 3625; x_wconf 82' lang='grc'><strong>11</strong></span> 
     </span>
    </p>
   </div>
   <div class='ocr_carea' id='block_1_4' title="bbox 1269 3561 1291 3608">
    <p class='ocr_par' dir='ltr' id='par_1_4' title="bbox 1269 3561 1291 3608">
     <span class='ocr_line' id='line_1_28' title="bbox 1269 3561 1291 3608; baseline 0 0"><span class='ocrx_word' id='word_1_278' title='bbox 1269 3561 1291 3608; x_wconf 84' lang='grc'><strong>11</strong></span> 
     </span>
    </p>
   </div>
   <div class='ocr_carea' id='block_1_5' title="bbox 1385 3397 1413 3608">
    <p class='ocr_par' dir='ltr' id='par_1_5' title="bbox 1385 3397 1413 3608">
     <span class='ocr_line' id='line_1_29' title="bbox 1385 3397 1413 3608; textangle 90"><span class='ocrx_word' id='word_1_279' title='bbox 1389 3563 1409 3608; x_wconf 67' lang='lat' dir='ltr'>u</span> <span class='ocrx_word' id='word_1_280' title='bbox 1385 3397 1413 3540; x_wconf 43' lang='lat'><strong>1752:</strong></span> 
     </span>
    </p>
   </div>
   <div class='ocr_carea' id='block_1_6' title="bbox 509 3673 2132 4780">
    <p class='ocr_par' dir='ltr' id='par_1_6' title="bbox 509 3673 2132 4780">
     <span class='ocr_line' id='line_1_30' title="bbox 639 3673 2132 3764; baseline 0.001 -25"><span class='ocrx_word' id='word_1_281' title='bbox 639 3675 726 3741; x_wconf 89' lang='lat' dir='ltr'><strong>ldern</strong></span> <span class='ocrx_word' id='word_1_282' title='bbox 750 3673 834 3740; x_wconf 87' lang='lat' dir='ltr'><strong>valet</strong></span> <span class='ocrx_word' id='word_1_283' title='bbox 855 3675 895 3740; x_wconf 91' lang='lat' dir='ltr'><strong>de</strong></span> <span class='ocrx_word' id='word_1_284' title='bbox 918 3674 1007 3742; x_wconf 89' lang='lat' dir='ltr'><strong>cilris</strong></span> <span class='ocrx_word' id='word_1_285' title='bbox 1029 3697 1082 3741; x_wconf 92' lang='lat' dir='ltr'><strong>no.</strong></span> <span class='ocrx_word' id='word_1_286' title='bbox 1101 3682 1152 3741; x_wconf 93' lang='grc'><strong>12.</strong></span> <span class='ocrx_word' id='word_1_287' title='bbox 1195 3675 1233 3742; x_wconf 92' lang='lat' dir='ltr'><strong>ln</strong></span> <span class='ocrx_word' id='word_1_288' title='bbox 1256 3698 1310 3744; x_wconf 89' lang='lat' dir='ltr'><strong>no.</strong></span> <span class='ocrx_word' id='word_1_289' title='bbox 1335 3683 1374 3744; x_wconf 89' lang='grc'>13</span> <span class='ocrx_word' id='word_1_290' title='bbox 1396 3677 1503 3744; x_wconf 86' lang='lat' dir='ltr'><strong>littere</strong></span> <span class='ocrx_word' id='word_1_291' title='bbox 1525 3695 1547 3745; x_wconf 84' lang='grc' dir='ltr'><strong>ιι</strong></span> <span class='ocrx_word' id='word_1_292' title='bbox 1572 3675 1788 3763; x_wconf 73' lang='lat' dir='ltr'><strong>imperfectius</strong></span> <span class='ocrx_word' id='word_1_293' title='bbox 1807 3677 1894 3764; x_wconf 86' lang='lat' dir='ltr'><strong>picte</strong></span> <span class='ocrx_word' id='word_1_294' title='bbox 1908 3691 1974 3757; x_wconf 88' lang='lat' dir='ltr'><strong>est,</strong></span> <span class='ocrx_word' id='word_1_295' title='bbox 1997 3691 2032 3741; x_wconf 90' lang='lat' dir='ltr'><strong>ut</strong></span> <span class='ocrx_word' id='word_1_296' title='bbox 2046 3677 2132 3764; x_wconf 89' lang='lat' dir='ltr'><strong>apud</strong></span> 
     </span>
     <span class='ocr_line' id='line_1_31' title="bbox 512 3771 2131 3878; baseline -0.002 -22"><span class='ocrx_word' id='word_1_297' title='bbox 512 3813 571 3856; x_wconf 90' lang='lat' dir='ltr'><strong>uos</strong></span> <span class='ocrx_word' id='word_1_298' title='bbox 600 3793 632 3854; x_wconf 92' lang='lat' dir='ltr'><strong>in</strong></span> <span class='ocrx_word' id='word_1_299' title='bbox 667 3810 764 3853; x_wconf 86' lang='lat' dir='ltr'><strong>numo</strong></span> <span class='ocrx_word' id='word_1_300' title='bbox 794 3787 981 3854; x_wconf 88' lang='lat' dir='ltr'><strong>Britannico</strong></span> <span class='ocrx_word' id='word_1_301' title='bbox 1010 3771 1071 3855; x_wconf 87' lang='grc'>1111.</span> <span class='ocrx_word' id='word_1_302' title='bbox 1091 3788 1118 3854; x_wconf 89' lang='grc' dir='ltr'><strong>Ι.</strong></span> <span class='ocrx_word' id='word_1_303' title='bbox 1170 3787 1208 3854; x_wconf 90' lang='grc' dir='ltr'><strong>Ῑιι</strong></span> <span class='ocrx_word' id='word_1_304' title='bbox 1233 3812 1288 3855; x_wconf 92' lang='lat' dir='ltr'><strong>no.</strong></span> <span class='ocrx_word' id='word_1_305' title='bbox 1315 3796 1354 3856; x_wconf 81' lang='lat'><strong>15</strong></span> <span class='ocrx_word' id='word_1_306' title='bbox 1378 3790 1479 3857; x_wconf 88' lang='lat' dir='ltr'><strong>hebes</strong></span> <span class='ocrx_word' id='word_1_307' title='bbox 1501 3808 1523 3858; x_wconf 77' lang='grc' dir='ltr'><strong>ιι</strong></span> <span class='ocrx_word' id='word_1_308' title='bbox 1548 3801 1620 3878; x_wconf 82' lang='lat' dir='ltr'><strong>post</strong></span> <span class='ocrx_word' id='word_1_309' title='bbox 1641 3807 1731 3869; x_wconf 65' lang='lat' dir='ltr'><strong>naa,</strong></span> <span class='ocrx_word' id='word_1_310' title='bbox 1760 3803 1795 3854; x_wconf 88' lang='lat' dir='ltr'><strong>ut</strong></span> <span class='ocrx_word' id='word_1_311' title='bbox 1816 3791 1849 3854; x_wconf 94' lang='lat' dir='ltr'><strong>in</strong></span> <span class='ocrx_word' id='word_1_312' title='bbox 1872 3805 1983 3854; x_wconf 90' lang='lat' dir='ltr'><strong>nostro</strong></span> <span class='ocrx_word' id='word_1_313' title='bbox 2005 3788 2067 3854; x_wconf 88' lang='lat' dir='ltr'><strong>litt.</strong></span> <span class='ocrx_word' id='word_1_314' title='bbox 2088 3787 2131 3854; x_wconf 88' lang='grc' dir='ltr'>Ι).</span> 
     </span>
     <span class='ocr_line' id='line_1_32' title="bbox 511 3899 2132 3990; baseline -0.002 -21"><span class='ocrx_word' id='word_1_315' title='bbox 511 3903 638 3990; x_wconf 79' lang='lat' dir='ltr'><strong>integra</strong></span> <span class='ocrx_word' id='word_1_316' title='bbox 660 3905 754 3966; x_wconf 90' lang='lat' dir='ltr'><strong>tertia</strong></span> <span class='ocrx_word' id='word_1_317' title='bbox 776 3899 948 3988; x_wconf 78' lang='lat' dir='ltr'><strong>epigraphe</strong></span> <span class='ocrx_word' id='word_1_318' title='bbox 972 3915 1021 3966; x_wconf 87' lang='lat' dir='ltr'><strong>est</strong></span> <span class='ocrx_word' id='word_1_319' title='bbox 1044 3921 1101 3972; x_wconf 75' lang='lat' dir='ltr'><strong>nb.</strong></span> <span class='ocrx_word' id='word_1_320' title='bbox 1142 3901 1287 3967; x_wconf 88' lang='lat' dir='ltr'><strong>Litterae</strong></span> <span class='ocrx_word' id='word_1_321' title='bbox 1308 3921 1378 3971; x_wconf 78' lang='lat' dir='ltr'><strong>nun</strong></span> <span class='ocrx_word' id='word_1_322' title='bbox 1402 3901 1592 3969; x_wconf 77' lang='lat' dir='ltr'><strong>centuriati</strong></span> <span class='ocrx_word' id='word_1_323' title='bbox 1615 3904 1787 3968; x_wconf 87' lang='lat' dir='ltr'><strong>secundem</strong></span> <span class='ocrx_word' id='word_1_324' title='bbox 1809 3902 2003 3990; x_wconf 82' lang='lat' dir='ltr'><strong>epigraphen</strong></span> <span class='ocrx_word' id='word_1_325' title='bbox 2036 3904 2132 3988; x_wconf 89' lang='lat' dir='ltr'><strong>perti·</strong></span> 
     </span>
     <span class='ocr_line' id='line_1_33' title="bbox 513 4012 2132 4106; baseline -0.001 -26"><span class='ocrx_word' id='word_1_326' title='bbox 513 4031 597 4082; x_wconf 88' lang='lat' dir='ltr'><strong>nent.</strong></span> <span class='ocrx_word' id='word_1_327' title='bbox 630 4055 666 4064; x_wconf 90' lang='lat'>-</span> <span class='ocrx_word' id='word_1_328' title='bbox 713 4012 748 4077; x_wconf 94' lang='lat' dir='ltr'><strong>ln</strong></span> <span class='ocrx_word' id='word_1_329' title='bbox 774 4035 824 4077; x_wconf 92' lang='lat' dir='ltr'><strong>no.</strong></span> <span class='ocrx_word' id='word_1_330' title='bbox 847 4019 888 4078; x_wconf 88' lang='grc'><strong>16</strong></span> <span class='ocrx_word' id='word_1_331' title='bbox 912 4015 1054 4080; x_wconf 87' lang='lat' dir='ltr'><strong>secunde</strong></span> <span class='ocrx_word' id='word_1_332' title='bbox 1078 4015 1252 4102; x_wconf 80' lang='lat' dir='ltr'><strong>epigraphe</strong></span> <span class='ocrx_word' id='word_1_333' title='bbox 1274 4031 1324 4082; x_wconf 89' lang='lat' dir='ltr'><strong>est</strong></span> <span class='ocrx_word' id='word_1_334' title='bbox 1344 4015 1572 4106; x_wconf 76' lang='grc' dir='ltr'><strong>ΙΙΙΙΙιιιιιιιιιι</strong></span> <span class='ocrx_word' id='word_1_335' title='bbox 1595 4020 1616 4081; x_wconf 92' lang='grc'><strong>1.</strong></span> <span class='ocrx_word' id='word_1_336' title='bbox 1637 4039 1666 4080; x_wconf 88' lang='lat' dir='ltr'><strong>e.</strong></span> <span class='ocrx_word' id='word_1_337' title='bbox 1689 4037 1775 4082; x_wconf 84' lang='lat' dir='ltr'><strong>anuo</strong></span> <span class='ocrx_word' id='word_1_338' title='bbox 1799 4017 1875 4096; x_wconf 82' lang='lat' dir='ltr'><strong>GV,</strong></span> <span class='ocrx_word' id='word_1_339' title='bbox 1914 4019 2008 4080; x_wconf 89' lang='lat' dir='ltr'><strong>tertia</strong></span> <span class='ocrx_word' id='word_1_340' title='bbox 2029 4015 2132 4080; x_wconf 83' lang='lat' dir='ltr'><strong>tribua</strong></span> 
     </span>
     <span class='ocr_line' id='line_1_34' title="bbox 511 4113 2132 4218; baseline 0 -26"><span class='ocrx_word' id='word_1_341' title='bbox 511 4128 626 4192; x_wconf 87' lang='lat' dir='ltr'><strong>litteris</strong></span> <span class='ocrx_word' id='word_1_342' title='bbox 650 4140 775 4190; x_wconf 87' lang='lat' dir='ltr'><strong>constat</strong></span> <span class='ocrx_word' id='word_1_343' title='bbox 796 4139 864 4212; x_wconf 66' lang='lat' dir='ltr'><strong>&#39;pa</strong></span> <span class='ocrx_word' id='word_1_344' title='bbox 889 4162 932 4176; x_wconf 92' lang='lat'>—</span> <span class='ocrx_word' id='word_1_345' title='bbox 964 4125 1001 4191; x_wconf 91' lang='lat' dir='ltr'><strong>ln</strong></span> <span class='ocrx_word' id='word_1_346' title='bbox 1026 4149 1080 4193; x_wconf 91' lang='lat' dir='ltr'><strong>no.</strong></span> <span class='ocrx_word' id='word_1_347' title='bbox 1097 4130 1137 4192; x_wconf 88' lang='grc'><strong>17</strong></span> <span class='ocrx_word' id='word_1_348' title='bbox 1157 4129 1300 4194; x_wconf 80' lang='lat' dir='ltr'><strong>recondo</strong></span> <span class='ocrx_word' id='word_1_349' title='bbox 1315 4129 1488 4217; x_wconf 88' lang='lat' dir='ltr'><strong>epigraphe</strong></span> <span class='ocrx_word' id='word_1_350' title='bbox 1507 4147 1575 4196; x_wconf 85' lang='lat' dir='ltr'><strong>est:</strong></span> <span class='ocrx_word' id='word_1_351' title='bbox 1602 4125 1661 4218; x_wconf 89' lang='grc' dir='ltr'>ΙΙΙΙ</span> <span class='ocrx_word' id='word_1_352' title='bbox 1679 4149 1749 4200; x_wconf 77' lang='lat' dir='ltr'><strong>nun</strong></span> <span class='ocrx_word' id='word_1_353' title='bbox 1768 4151 1819 4198; x_wconf 77' lang='lat' dir='ltr'><strong>nur</strong></span> <span class='ocrx_word' id='word_1_354' title='bbox 1842 4133 1937 4215; x_wconf 88' lang='lat' dir='ltr'><strong>(narn</strong></span> <span class='ocrx_word' id='word_1_355' title='bbox 1952 4151 2010 4215; x_wconf 94' lang='lat' dir='ltr'><strong>pro</strong></span> <span class='ocrx_word' id='word_1_356' title='bbox 2023 4113 2132 4194; x_wconf 74' lang='lat' dir='ltr'><strong>neiat</strong></span> 
     </span>
     <span class='ocr_line' id='line_1_35' title="bbox 513 4238 2131 4332; baseline 0.001 -27"><span class='ocrx_word' id='word_1_357' title='bbox 513 4241 726 4327; x_wconf 86' lang='lat' dir='ltr'><strong>reponendum</strong></span> <span class='ocrx_word' id='word_1_358' title='bbox 751 4254 799 4302; x_wconf 86' lang='lat' dir='ltr'><strong>est</strong></span> <span class='ocrx_word' id='word_1_359' title='bbox 821 4238 972 4324; x_wconf 80' lang='lat' dir='ltr'><strong>Alepl),</strong></span> <span class='ocrx_word' id='word_1_360' title='bbox 1001 4247 1105 4306; x_wconf 81' lang='lat' dir='ltr'><strong>tertio</strong></span> <span class='ocrx_word' id='word_1_361' title='bbox 1127 4243 1270 4306; x_wconf 90' lang='lat' dir='ltr'><strong>continet</strong></span> <span class='ocrx_word' id='word_1_362' title='bbox 1290 4241 1412 4308; x_wconf 89' lang='lat' dir='ltr'><strong>litteras</strong></span> <span class='ocrx_word' id='word_1_363' title='bbox 1430 4247 1511 4320; x_wconf 61' lang='lat' dir='ltr'><strong>ban</strong></span> <span class='ocrx_word' id='word_1_364' title='bbox 1543 4242 1690 4309; x_wconf 86' lang='lat' dir='ltr'><strong>ultimum</strong></span> <span class='ocrx_word' id='word_1_365' title='bbox 1706 4247 1791 4308; x_wconf 85' lang='lat' dir='ltr'><strong>eninr</strong></span> <span class='ocrx_word' id='word_1_366' title='bbox 1807 4246 1933 4332; x_wconf 88' lang='lat' dir='ltr'><strong>signum</strong></span> <span class='ocrx_word' id='word_1_367' title='bbox 1947 4255 1997 4306; x_wconf 86' lang='lat' dir='ltr'><strong>est</strong></span> <span class='ocrx_word' id='word_1_368' title='bbox 2010 4239 2131 4327; x_wconf 79' lang='lat' dir='ltr'><strong>Alept,</strong></span> 
     </span>
     <span class='ocr_line' id='line_1_36' title="bbox 510 4349 2131 4444; baseline -0.002 -25"><span class='ocrx_word' id='word_1_369' title='bbox 510 4355 595 4443; x_wconf 90' lang='lat' dir='ltr'><strong>quod</strong></span> <span class='ocrx_word' id='word_1_370' title='bbox 623 4351 741 4417; x_wconf 90' lang='lat' dir='ltr'><strong>coaluit</strong></span> <span class='ocrx_word' id='word_1_371' title='bbox 769 4375 839 4417; x_wconf 89' lang='lat' dir='ltr'><strong>cum</strong></span> <span class='ocrx_word' id='word_1_372' title='bbox 869 4355 1034 4440; x_wconf 88' lang='lat' dir='ltr'><strong>supposito</strong></span> <span class='ocrx_word' id='word_1_373' title='bbox 1065 4349 1201 4434; x_wconf 73' lang='lat' dir='ltr'><strong>Lantpd.</strong></span> <span class='ocrx_word' id='word_1_374' title='bbox 1229 4389 1270 4404; x_wconf 92' lang='lat'><em>-</em></span> <span class='ocrx_word' id='word_1_375' title='bbox 1311 4349 1350 4419; x_wconf 94' lang='lat' dir='ltr'><strong>ln</strong></span> <span class='ocrx_word' id='word_1_376' title='bbox 1382 4377 1436 4421; x_wconf 91' lang='lat' dir='ltr'><strong>no.</strong></span> <span class='ocrx_word' id='word_1_377' title='bbox 1460 4361 1499 4422; x_wconf 92' lang='lat' dir='ltr'><strong>l8</strong></span> <span class='ocrx_word' id='word_1_378' title='bbox 1527 4359 1622 4420; x_wconf 88' lang='lat' dir='ltr'><strong>tertie</strong></span> <span class='ocrx_word' id='word_1_379' title='bbox 1644 4356 1819 4444; x_wconf 88' lang='lat' dir='ltr'><strong>epigraphe</strong></span> <span class='ocrx_word' id='word_1_380' title='bbox 1841 4367 1963 4420; x_wconf 87' lang='lat' dir='ltr'><strong>constat</strong></span> <span class='ocrx_word' id='word_1_381' title='bbox 1981 4352 2131 4416; x_wconf 72' lang='lat' dir='ltr'><strong>litterae</strong></span> 
     </span>
     <span class='ocr_line' id='line_1_37' title="bbox 510 4463 2130 4555; baseline -0.004 -22"><span class='ocrx_word' id='word_1_382' title='bbox 510 4483 542 4534; x_wconf 92' lang='lat' dir='ltr'><strong>et</strong></span> <span class='ocrx_word' id='word_1_383' title='bbox 557 4469 658 4555; x_wconf 82' lang='lat' dir='ltr'><strong>signis</strong></span> <span class='ocrx_word' id='word_1_384' title='bbox 681 4463 746 4530; x_wconf 86' lang='lat' dir='ltr'><strong>illis</strong></span> <span class='ocrx_word' id='word_1_385' title='bbox 768 4466 913 4531; x_wconf 87' lang='lat' dir='ltr'><strong>obscuris</strong></span> <span class='ocrx_word' id='word_1_386' title='bbox 935 4467 968 4530; x_wconf 93' lang='lat' dir='ltr'><strong>in</strong></span> <span class='ocrx_word' id='word_1_387' title='bbox 983 4479 1128 4532; x_wconf 88' lang='lat' dir='ltr'><strong>extrema</strong></span> <span class='ocrx_word' id='word_1_388' title='bbox 1149 4465 1253 4548; x_wconf 91' lang='lat' dir='ltr'><strong>linea,</strong></span> <span class='ocrx_word' id='word_1_389' title='bbox 1275 4469 1309 4532; x_wconf 92' lang='lat' dir='ltr'><strong>in</strong></span> <span class='ocrx_word' id='word_1_390' title='bbox 1332 4489 1385 4533; x_wconf 91' lang='lat' dir='ltr'><strong>no.</strong></span> <span class='ocrx_word' id='word_1_391' title='bbox 1410 4474 1450 4534; x_wconf 84' lang='grc'><strong>19</strong></span> <span class='ocrx_word' id='word_1_392' title='bbox 1471 4467 1587 4535; x_wconf 78' lang='lat' dir='ltr'><strong>litteris</strong></span> <span class='ocrx_word' id='word_1_393' title='bbox 1610 4486 1712 4550; x_wconf 58' lang='lat' dir='ltr'><strong>tacu,</strong></span> <span class='ocrx_word' id='word_1_394' title='bbox 1733 4491 1786 4534; x_wconf 93' lang='lat' dir='ltr'><strong>uo.</strong></span> <span class='ocrx_word' id='word_1_395' title='bbox 1810 4475 1851 4534; x_wconf 88' lang='grc'>20</span> <span class='ocrx_word' id='word_1_396' title='bbox 1873 4483 1927 4553; x_wconf 67' lang='grc' dir='ltr'><strong>ιι,</strong></span> <span class='ocrx_word' id='word_1_397' title='bbox 1951 4486 2003 4530; x_wconf 91' lang='lat' dir='ltr'><strong>no.</strong></span> <span class='ocrx_word' id='word_1_398' title='bbox 2020 4469 2057 4528; x_wconf 89' lang='grc'><strong>21</strong></span> <span class='ocrx_word' id='word_1_399' title='bbox 2076 4477 2130 4551; x_wconf 70' lang='lat'><strong>79,</strong></span> 
     </span>
     <span class='ocr_line' id='line_1_38' title="bbox 509 4575 2129 4670; baseline -0.004 -22"><span class='ocrx_word' id='word_1_400' title='bbox 509 4605 562 4648; x_wconf 91' lang='lat' dir='ltr'><strong>no.</strong></span> <span class='ocrx_word' id='word_1_401' title='bbox 580 4587 619 4646; x_wconf 90' lang='grc'><strong>22</strong></span> <span class='ocrx_word' id='word_1_402' title='bbox 634 4600 693 4660; x_wconf 77' lang='lat' dir='ltr'><strong>nr,</strong></span> <span class='ocrx_word' id='word_1_403' title='bbox 726 4601 778 4646; x_wconf 86' lang='lat' dir='ltr'><strong>no.</strong></span> <span class='ocrx_word' id='word_1_404' title='bbox 797 4583 838 4645; x_wconf 89' lang='grc'>23</span> <span class='ocrx_word' id='word_1_405' title='bbox 863 4597 933 4646; x_wconf 66' lang='lat' dir='ltr'><strong>..a</strong></span> <span class='ocrx_word' id='word_1_406' title='bbox 978 4575 1129 4643; x_wconf 85' lang='lat' dir='ltr'><strong>Ceterum</strong></span> <span class='ocrx_word' id='word_1_407' title='bbox 1151 4581 1246 4644; x_wconf 89' lang='lat' dir='ltr'><strong>etiarn</strong></span> <span class='ocrx_word' id='word_1_408' title='bbox 1269 4577 1383 4645; x_wconf 89' lang='lat' dir='ltr'><strong>horum</strong></span> <span class='ocrx_word' id='word_1_409' title='bbox 1407 4603 1576 4648; x_wconf 86' lang='lat' dir='ltr'><strong>numerurn</strong></span> <span class='ocrx_word' id='word_1_410' title='bbox 1599 4579 1749 4670; x_wconf 84' lang='lat' dir='ltr'><strong>exempla</strong></span> <span class='ocrx_word' id='word_1_411' title='bbox 1769 4583 1903 4668; x_wconf 88' lang='lat' dir='ltr'><strong>turpiter</strong></span> <span class='ocrx_word' id='word_1_412' title='bbox 1925 4579 2041 4643; x_wconf 86' lang='lat' dir='ltr'><strong>detrita</strong></span> <span class='ocrx_word' id='word_1_413' title='bbox 2056 4597 2129 4643; x_wconf 85' lang='lat' dir='ltr'><strong>esse</strong></span> 
     </span>
     <span class='ocr_line' id='line_1_39' title="bbox 509 4687 1492 4780; baseline -0.003 -19"><span class='ocrx_word' id='word_1_414' title='bbox 509 4695 631 4776; x_wconf 84' lang='lat' dir='ltr'><strong>solent,</strong></span> <span class='ocrx_word' id='word_1_415' title='bbox 666 4707 700 4759; x_wconf 92' lang='lat' dir='ltr'><strong>ut</strong></span> <span class='ocrx_word' id='word_1_416' title='bbox 720 4687 897 4758; x_wconf 82' lang='lat' dir='ltr'><strong>litterarum</strong></span> <span class='ocrx_word' id='word_1_417' title='bbox 919 4689 1027 4780; x_wconf 84' lang='lat' dir='ltr'><strong>ligure</strong></span> <span class='ocrx_word' id='word_1_418' title='bbox 1047 4713 1145 4776; x_wconf 82' lang='lat' dir='ltr'><strong>saepe</strong></span> <span class='ocrx_word' id='word_1_419' title='bbox 1166 4713 1263 4780; x_wconf 86' lang='lat' dir='ltr'><strong>aegre</strong></span> <span class='ocrx_word' id='word_1_420' title='bbox 1286 4695 1492 4760; x_wconf 87' lang='lat' dir='ltr'><strong>discernatur.</strong></span> 
     </span>
    </p>
   </div>
   <div class='ocr_carea' id='block_1_7' title="bbox 848 4861 1776 5061">
    <p class='ocr_par' dir='ltr' id='par_1_7' title="bbox 848 4861 1776 5061">
     <span class='ocr_line' id='line_1_40' title="bbox 1241 4861 1347 4930; baseline -0.028 1"><span class='ocrx_word' id='word_1_421' title='bbox 1241 4861 1347 4930; x_wconf 79' lang='lat' dir='ltr'><strong>&#39;Vl</strong></span> 
     </span>
     <span class='ocr_line' id='line_1_41' title="bbox 848 4978 1776 5061; baseline -0.004 -13"><span class='ocrx_word' id='word_1_422' title='bbox 848 4979 1144 5061; x_wconf 81' lang='lat' dir='ltr'><strong>ARADUS,</strong></span> <span class='ocrx_word' id='word_1_423' title='bbox 1183 4980 1510 5061; x_wconf 73' lang='lat' dir='ltr'><strong>BERYTUS,</strong></span> <span class='ocrx_word' id='word_1_424' title='bbox 1548 4978 1776 5048; x_wconf 77' lang='lat' dir='ltr'><strong><em>CARNE.</em></strong></span> 
     </span>
    </p>
   </div>
   <div class='ocr_carea' id='block_1_8' title="bbox 509 5112 2128 5470">
    <p class='ocr_par' dir='ltr' id='par_1_8' title="bbox 509 5112 2128 5470">
     <span class='ocr_line' id='line_1_42' title="bbox 638 5112 2128 5214; baseline -0.001 -36"><span class='ocrx_word' id='word_1_425' title='bbox 638 5123 664 5180; x_wconf 93' lang='grc'><strong>1.</strong></span> <span class='ocrx_word' id='word_1_426' title='bbox 708 5117 744 5182; x_wconf 88' lang='lat' dir='ltr'><strong>ln</strong></span> <span class='ocrx_word' id='word_1_427' title='bbox 775 5117 975 5183; x_wconf 75' lang='lat' dir='ltr'><strong>Aradium</strong></span> <span class='ocrx_word' id='word_1_428' title='bbox 1006 5121 1131 5198; x_wconf 79' lang='lat' dir='ltr'><strong>aunis,</strong></span> <span class='ocrx_word' id='word_1_429' title='bbox 1166 5121 1221 5204; x_wconf 82' lang='lat' dir='ltr'><strong>qui</strong></span> <span class='ocrx_word' id='word_1_430' title='bbox 1249 5121 1283 5182; x_wconf 92' lang='lat' dir='ltr'><strong>in</strong></span> <span class='ocrx_word' id='word_1_431' title='bbox 1306 5117 1442 5184; x_wconf 86' lang='lat' dir='ltr'><strong>adversa</strong></span> <span class='ocrx_word' id='word_1_432' title='bbox 1463 5115 1650 5204; x_wconf 83' lang='lat' dir='ltr'><strong>plerumque</strong></span> <span class='ocrx_word' id='word_1_433' title='bbox 1672 5123 1773 5200; x_wconf 80' lang='lat' dir='ltr'><strong>capnt</strong></span> <span class='ocrx_word' id='word_1_434' title='bbox 1794 5112 1952 5214; x_wconf 66' lang='lat' dir='ltr'><strong>muliebre</strong></span> <span class='ocrx_word' id='word_1_435' title='bbox 1974 5119 2128 5178; x_wconf 73' lang='lat' dir='ltr'><strong>territura</strong></span> 
     </span>
     <span class='ocr_line' id='line_1_43' title="bbox 509 5223 2127 5315; baseline -0.001 -25"><span class='ocrx_word' id='word_1_436' title='bbox 509 5224 560 5290; x_wconf 85' lang='lat' dir='ltr'><strong>rel</strong></span> <span class='ocrx_word' id='word_1_437' title='bbox 582 5237 681 5310; x_wconf 80' lang='lat' dir='ltr'><strong>copul</strong></span> <span class='ocrx_word' id='word_1_438' title='bbox 702 5231 802 5294; x_wconf 81' lang='lat' dir='ltr'><strong>virile</strong></span> <span class='ocrx_word' id='word_1_439' title='bbox 825 5229 1014 5309; x_wconf 68' lang='lat' dir='ltr'><strong>duriatum,</strong></span> <span class='ocrx_word' id='word_1_440' title='bbox 1045 5234 1077 5294; x_wconf 92' lang='lat' dir='ltr'><strong>in</strong></span> <span class='ocrx_word' id='word_1_441' title='bbox 1102 5251 1216 5295; x_wconf 82' lang='lat' dir='ltr'><strong>averna</strong></span> <span class='ocrx_word' id='word_1_442' title='bbox 1233 5251 1387 5315; x_wconf 56' lang='lat' dir='ltr'><strong>proram</strong></span> <span class='ocrx_word' id='word_1_443' title='bbox 1423 5250 1523 5294; x_wconf 77' lang='grc' dir='ltr'><strong>οινιιιι</strong></span> <span class='ocrx_word' id='word_1_444' title='bbox 1544 5234 1679 5312; x_wconf 85' lang='lat' dir='ltr'><strong>copiae,</strong></span> <span class='ocrx_word' id='word_1_445' title='bbox 1715 5229 1882 5294; x_wconf 71' lang='lat' dir='ltr'><strong>mlieres·</strong></span> <span class='ocrx_word' id='word_1_446' title='bbox 1903 5223 2127 5310; x_wconf 69' lang='lat' dir='ltr'><strong>(annuerat)</strong></span> 
     </span>
     <span class='ocr_line' id='line_1_44' title="bbox 509 5337 2127 5470; baseline -0.004 -64"><span class='ocrx_word' id='word_1_447' title='bbox 509 5359 629 5422; x_wconf 85' lang='lat' dir='ltr'><strong>prorae</strong></span> <span class='ocrx_word' id='word_1_448' title='bbox 657 5346 859 5406; x_wconf 68' lang='lat' dir='ltr'><strong>insistentem</strong></span> <span class='ocrx_word' id='word_1_449' title='bbox 886 5357 1002 5426; x_wconf 85' lang='lat' dir='ltr'><strong>gerunt</strong></span> <span class='ocrx_word' id='word_1_450' title='bbox 1036 5343 1129 5424; x_wconf 84' lang='lat' dir='ltr'><strong>(vide</strong></span> <span class='ocrx_word' id='word_1_451' title='bbox 1150 5340 1211 5406; x_wconf 80' lang='lat' dir='ltr'><strong>litt.</strong></span> <span class='ocrx_word' id='word_1_452' title='bbox 1233 5341 1274 5406; x_wconf 84' lang='grc' dir='ltr'>Α.</span> <span class='ocrx_word' id='word_1_453' title='bbox 1297 5339 1324 5404; x_wconf 87' lang='grc' dir='ltr'><strong>Β</strong></span> <span class='ocrx_word' id='word_1_454' title='bbox 1347 5363 1389 5406; x_wconf 82' lang='lat' dir='ltr'><strong>ex</strong></span> <span class='ocrx_word' id='word_1_455' title='bbox 1411 5339 1534 5407; x_wconf 78' lang='lat' dir='ltr'><strong>Philon.</strong></span> <span class='ocrx_word' id='word_1_456' title='bbox 1557 5337 1725 5407; x_wconf 79' lang='lat' dir='ltr'><strong>Transeat.</strong></span> <span class='ocrx_word' id='word_1_457' title='bbox 1747 5339 1768 5406; x_wconf 85' lang='lat' dir='ltr'><strong>l</strong></span> <span class='ocrx_word' id='word_1_458' title='bbox 1789 5344 1858 5426; x_wconf 79' lang='lat' dir='ltr'><strong>a),</strong></span> <span class='ocrx_word' id='word_1_459' title='bbox 1882 5355 1916 5408; x_wconf 86' lang='lat' dir='ltr'><strong>et</strong></span> <span class='ocrx_word' id='word_1_460' title='bbox 1940 5337 1991 5404; x_wconf 84' lang='lat' dir='ltr'><strong>vel</strong></span> <span class='ocrx_word' id='word_1_461' title='bbox 2011 5357 2127 5470; x_wconf 67' lang='lat' dir='ltr'><strong>graece</strong></span> 
     </span>
    </p>
   </div>
   <div class='ocr_carea' id='block_1_9' title="bbox 0 0 2508 6306">
    <p class='ocr_par' dir='ltr' id='par_1_9' title="bbox 0 0 2508 6306">
     <span class='ocr_line' id='line_1_45' title="bbox 0 0 2508 6306; baseline 0 0"><span class='ocrx_word' id='word_1_462' title='bbox 0 0 2508 6306; x_wconf 95' lang='lat' dir='ltr'><strong> </strong></span> 
     </span>
    </p>
   </div>
  </div>
 </body>
</html>
