4924 6304
524 637 602 709 212
650 629 785 698 Ltttatt
796 627 1042 696 SECUNDUS.
1074 625 1412 695 leeuteTtoNus
1427 625 1709 710 euonutctaa.
1739 625 1889 694 CAPUT
1902 625 2104 694 SEX'PUM.

528 821 612 887 Nah.
637 828 668 902 3,
692 825 713 886 9
736 819 809 884 coll.
833 817 921 884 arab.
941 822 1052 922 ὼ),
1075 831 1108 880 ct
1121 820 1194 910 utu}
1218 815 1301 882 Due.
1318 823 1368 893 tt,
1384 822 1446 897 43,
1467 819 1507 882 ad
1528 815 1696 882 articulum
1710 814 1773 882 seli
1788 815 1957 880 Adiectiru
1970 813 2149 900 praefixu-

530 942 571 1006 cl.
600 939 680 1003 Gen.
703 947 734 1016 1,
757 946 808 1003 51.
832 937 883 1002 Pe.
907 943 978 1014 104,
1002 945 1053 1004 te.
1076 933 1149 1004 Joei
1171 944 1202 1015 2,
1224 935 1284 1020 25)
1308 935 1398 1000 Buul
1416 935 1520 1020 Le'lps
1542 935 1627 1000 bend
1649 933 1746 1000 dubie
1763 936 1847 998 idern
1861 949 1911 998 est
1926 937 1981 1022 qui
1992 934 2149 1000 Romanis

531 1051 708 1138 appellatur
731 1053 893 1116 Hercules
914 1049 1016 1136 Libye
1037 1073 1063 1115 s.
1087 1049 1280 1114 Phoenicius
1301 1047 1454 1128 (Sallust.
1476 1047 1546 1134 lug.
1569 1053 1611 1114 89
1633 1051 1662 1127 ς.
1676 1056 1716 1111 41
1745 1044 1869 1132 Capsa,
1892 1051 1985 1113 cuins
2005 1049 2151 1112 conditor

531 1163 688 1229 Hercules
717 1165 819 1247 Libys
848 1163 1027 1240 ferebatur3
1064 1163 1104 1228 cl.
1134 1159 1233 1228 Oros.
1257 1167 1295 1241 5,
1324 1169 1383 1242 15,
1420 1165 1473 1248 qui
1500 1163 1604 1226 eidem
1633 1161 1706 1224 urbi
1736 1157 1910 1224 Herculem
1943 1159 2151 1224 Phoenicium
2223 1217 2227 1228 .

529 1293 690 1341 auctorem
721 1277 870 1360 tribuit),
902 1277 1064 1342 Hercules
1094 1274 1231 1340 Ltbs‘cur
1255 1273 1396 1360 (Nlurut.
1418 1274 1499 1340 tbes.
1530 1277 1671 1359 inscript.
1703 1272 1718 1337 l
1750 1293 1780 1358 p.
1803 1271 1952 1354 Llllll),
1990 1271 2153 1338 Herculea

529 1389 674 1473 [Alpem
695 1388 843 1470 (lieltbel
867 1390 967 1453 doctr.
991 1411 1077 1452 uum.
1100 1385 1181 1452 Vlll
1205 1409 1234 1473 p.
1248 1390 1351 1473 442),
1380 1387 1445 1452 elio
1467 1389 1644 1453 domestico
1666 1405 1782 1450 nomeu
1806 1385 1955 1471 deqpeq
1974 1388 1999 1449 i.
2013 1405 2043 1448 e.
2057 1403 2149 1472 'ipsa

528 1503 623 1586 (vide
651 1503 692 1566 ud
721 1497 846 1586 Tripol.
876 1502 936 1586 5),
973 1517 1006 1564 et
1029 1499 1197 1566 multarum
1219 1499 1346 1564 urbium
1369 1498 1611 1568 Numidicarum
1634 1500 1780 1564 conditor
1802 1498 1975 1562 ferebatur.
2011 1535 2050 1550 -·
2085 1497 2149 1562 Sed

532 1617 608 1702 quid
630 1629 679 1679 est
702 1619 870 1698 impertias
892 1613 1009 1678 mutu
1024 1613 1161 1698 Libyci,
1183 1617 1235 1677 cui
1258 1627 1403 1699 praeerat
1423 1613 1619 1678 Adriclett?
1647 1609 1760 1697 Neque
1776 1609 1991 1694 Massyloruru
2005 1631 2150 1697 regnum,

532 1729 584 1792 eui
613 1726 807 1794 Masinissae
835 1725 957 1792 familia
982 1725 1179 1812 imperabat,
1208 1748 1310 1812 neque
1333 1725 1589 1810 Masaesylorum
1610 1737 1642 1788 et
1664 1723 1820 1810 Syphacis
1842 1725 2010 1809 imperium
2031 1721 2151 1787 intelli-

530 1841 669 1926 gendum
701 1861 836 1918 censeo,
874 1861 1054 1926 quanquam
1081 1841 1114 1903 in
1143 1854 1276 1924 utroque
1305 1837 1464 1903 Hercules
1492 1841 1669 1924 impensius
1692 1836 1854 1902 celebatur
1877 1852 1908 1901 et
1931 1841 2031 1924 stragia
2052 1839 2149 1902 etiam

531 1974 551 2015 a
571 1951 779 2036 Masaesylis,
816 1974 949 2038 quorum
973 1973 1066 2038 reges
1085 1973 1187 2038 genus
1210 1950 1250 2014 ab
1273 1951 1414 2015 llercule
1437 1951 1596 2016 ducebant
1625 1949 1725 2036 (Plut.
1749 1949 1869 2012 Sertor.
1894 1951 1955 2034 9):
1986 1953 2149 2033 utriusque

533 2067 618 2128 enim
641 2087 734 2150 reges
757 2087 799 2127 ex
822 2063 1033 2150 scriptoribus
1056 2067 1180 2150 graecis
1202 2062 1373 2150 latinisque
1397 2065 1464 2128 noti
1488 2075 1578 2143 sunt,
1613 2085 1717 2150 neque
1739 2079 1932 2128 incuteretur
1954 2065 1986 2126 in
2012 2063 2068 2142 iis,
2095 2062 2150 2148 qui

532 2197 650 2239 nomen
687 2189 778 2262 gerat
814 2193 924 2244 nostro
959 2195 1066 2266 tunna
1100 2175 1216 2245 sintile.
1271 2175 1317 2242 At
1343 2177 1449 2256 enim,
1491 2191 1526 2240 ut
1554 2177 1703 2242 observat
1735 2179 1899 2263 Appianus
1929 2175 2009 2240 Pun.
2040 2197 2067 2238 c.
2099 2177 2150 2251 tu,

533 2286 692 2368 Νομάδων
714 2295 775 2352 τῶν
797 2289 829 2354 ἰν
848 2291 959 2378 Λιβύῃ
988 2293 1188 2360 δυνάσται
1211 2291 1268 2373 μὲν
1297 2282 1377 2374 ἦσαν
1400 2287 1477 2356 susti
1498 2289 1576 2374 pipp
1606 2287 1747 2355 utilior
1777 2289 1837 2372 (cl.
1859 2288 2011 2352 Mauuert
2032 2285 2150 2372 Geogr.

501 2377 511 2410 '
534 2399 616 2478 X,2
640 2423 711 2486 pag.
728 2402 828 2484 194),
852 2404 947 2489 idque
970 2403 1137 2472 confirmat
1160 2403 1293 2468 historia
1315 2399 1472 2468 bellorum
1496 2423 1516 2464 a
1537 2400 1690 2466 Bouiania
1707 2405 1740 2466 in
1756 2400 1823 2466 illis
1837 2401 2023 2486 regionibus
2040 2413 2151 2488 *gestu-

534 2535 616 2591 rum,
634 2515 666 2576 iu
682 2513 796 2598 quibus
810 2519 929 2600 possim
946 2533 1162 2583 mensurantur
1175 2515 1386 2582 Numidarum
1403 2517 1560 2599 principes
1578 2527 1608 2578 et
1623 2513 1725 2600 reguli
1741 2517 1785 2594 (v.
1799 2513 2150 2598 c.blanassesAppian.

535 2625 595 2688 civ.
618 2631 651 2702 4,
673 2629 731 2704 54,
763 2625 908 2693 Arabion
931 2629 1029 2710 ibid,
1057 2627 1140 2716 ab),
1179 2629 1275 2694 ruodo
1298 2649 1368 2692 eum
1391 2623 1570 2706 Romanis,
1604 2627 1698 2690 modo
1726 2647 1797 2690 cum
1820 2627 1936 2691 Poenis
1959 2623 2151 2708 Massylisve

534 2737 663 2800 loedere
686 2742 797 2806 iuncti.
848 2737 939 2806 'l'alia
962 2745 1059 2829 igitur
1081 2741 1289 2828 intelligenda
1311 2744 1372 2804 erit
1400 2741 1533 2816 civitas,
1567 2727 1842 2826 quae‘llerculem
1865 2737 2022 2822 Libycum
2043 2737 2153 2801 eundi·

534 2867 636 2914 torem
667 2849 810 2932 colebat,
846 2853 945 2918 veluti
980 2855 1087 2940 Cupra
1117 2859 1169 2935 (v.
1200 2853 1331 2918 Sallust.
1362 2851 1384 2916 l.
1408 2853 1474 2935 c),
1504 2851 1580 2914 item
1613 2847 1741 2931 Vacca,
1777 2853 1810 2914 in
1840 2855 1946 2916 nuntie
1979 2853 2068 2938 'epia
2093 2847 2169 2937 ιρι

535 2961 611 3026 urbe
633 2963 790 3028 Hereum
810 2965 968 3051 appellata
989 2965 1137 3048 (libili,
1155 2989 1208 3030 uo.
1224 2967 1284 3050 2³)
1308 2981 1340 3029 et
1361 2961 1569 3051 probabiliter
1591 2965 1687 3052 Siga,
1716 2985 1796 3050 quae
1820 2983 1910 3052 upra
1935 2967 2011 3034 nau
2033 2969 2154 3028 eicitur
2201 3013 2207 3042 ,

536 3075 897 3150 Ηοιοιιῐιι,ηοιιιίιιι1ιιι
917 3076 991 3162 (lib.
1008 3078 1062 3158 lll,
1079 3101 1132 3143 no.
1150 3079 1228 3164 25):
1251 3099 1313 3164 qua
1335 3079 1374 3142 de
1396 3099 1431 3142 re
1455 3079 1573 3142 certior
1594 3081 1753 3142 sententia
1774 3080 1837 3142 dici
1858 3095 1983 3164 posset,
2007 3079 2035 3140 si
2058 3077 2152 3142 ruodo

536 3189 577 3252 de
597 3185 702 3270 loco„
720 3209 783 3274 quo
805 3187 886 3275 lapis
904 3193 1053 3254 iuventus
1075 3205 1141 3270 est,
1171 3203 1342 3254 constaret.
1385 3188 1627 3270 narcetem,
1650 3193 1790 3258 civitatis
1803 3189 1967 3278 regulum,
1990 3189 2151 3256 bemineru

537 3321 654 3364 novum
677 3315 709 3364 et
731 3301 866 3366 sortasse
889 3301 1002 3366 humili
1025 3301 1097 3367 loco
1120 3317 1229 3366 netum
1250 3301 1369 3380 luisse,
1408 3323 1449 3366 ex
1472 3323 1515 3364 ee
1535 3301 1643 3391 colligi
1667 3319 1789 3390 potest,
1828 3305 1913 3390 quod
1934 3317 2058 3390 patrum
2082 3309 2152 3366 elus

536 3411 624 3478 nullu
646 3416 766 3478 mentio
784 3429 847 3478 est:
875 3435 947 3480 eme
971 3417 1003 3480 iu
1027 3413 1120 3480 bellis
1142 3416 1292 3502 gerendis
1314 3414 1354 3480 sb
1375 3413 1527 3480 Afrorum
1550 3416 1692 3502 partibus
1709 3419 1837 3482 stetisse
1852 3431 1963 3483 contre
1977 3411 2150 3493 Romanos,

537 3547 579 3590 ex
600 3525 652 3591 his
674 3541 822 3612 apparet,
853 3549 933 3614 quae
955 3531 1061 3594 statim
1079 3541 1276 3614 sequuntur:

663 3656 725 3708 mn
739 3659 824 3709 ιιιιιι
837 3643 916 3724 sm)
938 3644 962 3706 i.
977 3663 1007 3706 a.
1022 3645 1081 3724 πῂ
1098 3653 1182 3738 ”ilii
1196 3651 1255 3729 ega
1272 3647 1332 3726 qm·
1346 3647 1513 3727 paresret't
1533 3639 1633 3724 (Baul
1645 3641 1768 3728 Libys)
1788 3643 2149 3710 turnultus-anorum

534 3750 572 3816 lu
585 3751 701 3817 litteris
714 3775 778 3817 uua
794 3753 927 3820 multum
943 3756 1033 3820 dubii
1045 3769 1104 3822 est.
1127 3755 1163 3819 lu
1179 3773 1236 3823 aaa
1252 3756 1354 3840 prima
1366 3751 1475 3818 littera
1489 3769 1520 3818 et
1536 3755 1621 3820 Bett
1638 3777 1709 3822 esse
1726 3759 1829 3842 possit
1844 3769 1877 3820 et
1889 3755 1962 3822 Pte
1978 3757 2022 3841 (v.
2038 3777 2068 3842 p.
2082 3756 2148 3838 41),

534 3867 591 3930 sed
612 3885 669 3932 saa
692 3881 765 3952 epta
783 3871 942 3933 sententia
964 3883 1061 3934 caret.
1112 3868 1232 3934 liudem
1255 3869 1356 3933 nodo
1379 3870 1413 3931 iu
1435 3885 1520 3935 nutu
1543 3869 1637 3932 tertia
1658 3866 1765 3932 littera
1785 3867 1894 3934 liescl
1917 3871 2018 3934 uideri
2040 3851 2149 3954 possit,

534 3999 630 4063 quan
653 3979 754 4044 caude
778 3979 885 4065 paullo
909 3979 1041 4068 longior
1058 3983 1116 4060 sit,
1153 3994 1187 4045 et
1212 4001 1271 4066 pro
1296 3998 1358 4050 ena
1379 4003 1437 4066 per
1458 3979 1581 4044 litteras
1603 3983 1698 4046 etiam
1720 3999 1781 4048 ttta
1802 3979 1866 4067 legi
1888 3984 2005 4067 pessit:
2035 3981 2096 4046 sed
2115 3983 2149 4044 in

535 4087 715 4156 Numidicis
737 4095 839 4178 rengis
861 4097 976 4173 etium,
1004 4115 1100 4181 quant
1119 4095 1155 4157 iu
1170 4093 1352 4158 Pboeoieiis
1373 4091 1519 4180 legitime
1533 4096 1665 4179 scriptis
1678 4115 1743 4159 nan
1757 4091 1827 4168 sola
1840 4093 2019 4160 litteratam
2034 4091 2151 4178 figura,

534 4203 591 4266 sed
622 4202 793 4268 mbururu
821 4225 946 4291 quoque
975 4221 1009 4270 et
1030 4209 1208 4272 sententiae
1230 4207 1313 4270 ratio
1336 4203 1486 4272 habenda
1506 4221 1573 4286 est,
1606 4229 1686 4292 quse
1707 4229 1750 4272 ex
1772 4205 1829 4272 illa
1850 4205 1988 4272 lectione
2009 4205 2149 4294 proiecto

534 4315 640 4400 prodit
656 4317 828 4400 aptissima.
873 4317 1000 4384 Potitus
1021 4321 1121 4404 igitur
1140 4321 1264 4384 videtur
1285 4321 1346 4384 iste
1368 4317 1453 4405 lapis
1473 4319 1516 4390 ab
1536 4318 1739 4400 lidricbens,
1763 4317 1935 4386 Numidiae
1958 4316 2086 4405 regale,
2112 4319 2150 4382 iu

534 4437 690 4492 neaomm
704 4425 826 4508 Baulis,
847 4434 902 4516 qui
917 4429 1037 4518 populo
1046 4453 1109 4498 suo
1121 4435 1287 4498 victorium
1301 4433 1342 4496 de
1352 4431 1509 4498 Romanis
1522 4447 1734 4499 concesserat.
1771 4430 2048 4510 Quemadmodum
2061 4431 2149 4496 enim

533 4544 569 4606 iu
592 4540 633 4606 V.
648 4539 690 4606 Τ.
713 4543 845 4606 victoria
864 4543 905 4606 de
928 4541 1073 4608 bestiis·
1086 4559 1248 4631 reportate
1262 4547 1469 4632 gentiumque
1483 4545 1591 4612 clades
1601 4550 1784 4614 sescenties
1798 4543 1944 4610 lebetae
1957 4545 2148 4622 tribuam

533 4659 579 4718 its
601 4661 775 4740 percursio
801 4647 1018 4722 Βιιιιιιιοιιιιιι
1049 4657 1081 4722 b.
1100 4657 1121 4723 l.
1150 4655 1262 4733 Bada,
1295 4661 1434 4724 ciuitatis
1460 4663 1584 4726 cestini
1613 4660 1775 4748 lurpmplp.
1819 4669 1877 4746 rue
1904 4661 1957 4742 (ia
1981 4655 2148 4745 participio

533 4763 724 4854 legendmn,
761 4783 796 4833 at
817 4771 889 4858 {pin
909 4767 1039 4834 Numid.
1067 4769 1188 4856 1-4)
1214 4778 1396 4857 percussit,
1434 4773 1507 4836 dein
1529 4774 1672 4852 eccidit,
1700 4771 1882 4836 lrttcs'dnot't
1903 4769 1995 4850 (lud.
2021 4777 2073 4850 15,
2096 4777 2147 4838 12.

535 4879 721 4960 Hanni,
747 4887 828 4966 15),
867 4886 900 4947 in
931 4883 1037 4948 Sacris
1065 4881 1162 4970 vulgo
1190 4887 1334 4971 iungitur
1361 4907 1408 4971 sq.
1436 4903 1475 4983 q,
1512 4884 1544 4950 b.
1566 4883 1588 4948 l.
1618 4909 1665 4970 sq.
1694 4906 1760 4950 ecc.
1790 4883 1909 4948 utEx.
1931 4889 1963 4961 5,
1987 4887 2017 4948 3.
2061 4894 2150 4984 atqup

533 4995 709 5078 surmus,
742 5003 871 5061 turm
897 5001 942 5082 (2
965 4997 1052 5060 Satn.
1069 5003 1100 5075 1,
1116 4998 1177 5080 25)
1201 5001 1233 5062 in
1256 4997 1371 5062 nmlatn
1394 4997 1462 5062 iere
1484 5011 1605 5083 partem
1627 5012 1793 5084 accepturu
1814 4997 1958 5076 ridetur,
1988 5011 2025 5062 ut
2044 5011 2145 5062 nostr.

531 5105 645 5170 llotte.
687 5112 747 5189 ηιξ)
770 5107 936 5174 collective
958 5112 1105 5195 ponitur,
1141 5124 1177 5174 ut
1198 5113 1232 5175 in
1255 5109 1297 5175 V.
1313 5109 1353 5175 Τ.
1376 5127 1487 5208 cqups!
1509 5108 1818 5196 (len.1⁰,llisqq:
1851 5116 1904 5190 te,
1927 5115 1958 5176 7.
1987 5115 2094 5190 tuta
2112 5123 2150 5176 et

531 5237 647 5302 suepec
667 5223 789 5286 omisso
806 5237 914 5288 tamen
935 5221 1089 5302 articula,
1124 5225 1159 5288 iu
1180 5245 1242 5309 quo
1265 5223 1412 5310 ponendo
1436 5225 1524 5310 parci
1546 5240 1621 5290 suut
1642 5224 1838 5306 Phoenices,
1872 5240 1960 5292 certe
1979 5225 2012 5288 iu
2034 5223 2146 5310 beruto

529 5345 811 5398 meneuteemmm
827 5332 941 5400 titulis.
984 5333 1036 5400 n·
1316 5355 1319 5360 “
