4924 6304
596 653 786 722 saltnlcn
809 653 869 722 ΕΤ
892 653 1091 724 sthLAr.
1139 657 1229 724 XLI.
1249 655 1502 726 INSCRIPTIO
1525 659 1726 726 S'ARDlCA.
1897 671 1969 744 157

341 845 429 914 aliud
451 865 524 910 esse
544 857 668 932 potest,
697 867 792 932 quam
813 843 904 912 loeas
925 846 982 911 ubi
1002 849 1173 936 requiescit
1187 861 1280 933 caput
1295 845 1430 912 alicuius
1452 851 1476 915 i.
1495 870 1524 912 e.
1548 849 1782 930 dormitorium,
1802 850 1967 919 habitatio

342 981 443 1046 eaque
474 957 507 1022 b.
537 955 561 1024 l.
592 967 732 1024 aeterum
763 959 816 1048 (r.
846 957 952 1026 Melit.
983 966 1020 1038 2,
1051 960 1110 1044 1),
1149 959 1189 1024 cl.
1221 957 1301 1026 illud
1323 959 1480 1026 Matthaei
1504 969 1544 1040 8,
1568 967 1626 1028 20:
1662 983 1727 1028 cort
1749 964 1848 1030 lubet
1867 966 1968 1044 filius

341 1073 479 1139 lomr'nr'r
505 1077 568 1138 ποῦ
595 1069 651 1156 τὴν
682 1071 817 1159 κεφαλήν
847 1075 943 1158 κλίνῃ.
987 1071 1102 1138 Paullo
1116 1054 1287 1137 ’rariorem
1315 1089 1422 1138 autem
1454 1088 1485 1138 et
1506 1073 1750 1142 insolentiorem
1771 1077 1967 1146 locutionem

345 1188 386 1253 de
408 1183 554 1272 sepulcro
578 1181 665 1250 tituli
687 1199 796 1250 auctor
818 1208 882 1252 non
904 1184 969 1251 alia
990 1189 1030 1252 de
1054 1207 1188 1264 caussa,
1231 1207 1323 1272 qoam
1347 1200 1475 1273 propter
1497 1186 1669 1254 verborum
1698 1185 1969 1256 lusum'arcerai·

340 1302 426 1363 visse
456 1299 594 1365 videtur.
630 1337 673 1351 -
725 1319 751 1366 r>
781 1301 885 1388 (qaod
917 1322 995 1364 mox
1024 1303 1141 1364 iterum
1172 1296 1272 1363 babes
1303 1301 1337 1363 in
1370 1299 1487 1386 namu)
1523 1315 1572 1366 est
1602 1305 1801 1369 notissimum
1830 1301 1910 1368 illud
1940 1326 1966 1368 ur

339 1411 522 1500 praefixum
543 1409 653 1496 (hebr.
677 1417 733 1504 ιι),
757 1419 817 1498 mi,
840 1414 893 1512 ui)
921 1413 1005 1499 apud
1027 1411 1195 1478 Hebraeos
1217 1429 1343 1501 praeter
1356 1411 1474 1478 librum
1488 1409 1632 1478 iudicum
1651 1391 1684 1480 iri
1701 1415 1771 1480 solo
1786 1420 1966 1482 recentiore

340 1523 720 1617 Hebraismo'obvium
755 1525 839 1612 apud
867 1525 1046 1591 Phoenices
1075 1527 1386 1612 frequentissimum,
1421 1529 1467 1590 ita
1497 1527 1624 1616 quidem
1652 1543 1687 1592 ut
1706 1527 1820 1614 plenae
1842 1529 1966 1594 formae

341 1658 414 1709 nun
452 1639 662 1724 pronominis¹
680 1640 714 1701 iu
748 1637 941 1704 Phoenicius
970 1638 1100 1728 linguae
1132 1639 1277 1728 reliquiis
1309 1637 1432 1704 nullum
1462 1639 1644 1726 exemplum
1673 1641 1753 1706 mihi
1783 1645 1967 1706 occurrerit.

343 1749 444 1817 Selia
467 1749 646 1838 praelixam
668 1763 894 1838 autemsaepe
918 1755 1075 1838 reperitur
1097 1757 1131 1836 a)
1154 1753 1210 1817 ubi
1235 1756 1409 1818 relativum
1431 1757 1510 1832 est,‘
1526 1775 1557 1820 v.
1574 1777 1602 1820 c.
1625 1755 1715 1826 bunut
1741 1761 1799 1842 qai
1813 1761 1967 1842 portani!
2005 1753 2009 1762 '
2063 1753 2067 1758 ’

317 1941 320 1946 ¹
343 1863 448 1952 Tngg.
467 1861 525 1928 lin.
543 1869 582 1943 6,
626 1883 659 1930 rr
679 1881 767 1932 :aaa
791 1871 849 1950 qui
869 1871 1019 1930 restituit
1041 1871 1169 1932 ruinam
1192 1888 1280 1930 num.
1302 1865 1401 1931 Iubae
1423 1889 1492 1932 sen.
1516 1865 1594 1950 (lib.
1619 1865 1676 1946 111,
1699 1867 1780 1948 20),
1810 1889 1852 1936 nr
1874 1887 1966 1936 nutv)

342 1995 377 2069 pa
397 1981 438 2049 br
461 1997 552 2064 quem
567 1983 683 2062 poma
698 1979 841 2064 popalus
862 2000 961 2064 cuper
973 1978 1087 2057 filiam
1110 1975 1241 2042 Numid.
1256 1983 1275 2043 7
1289 1976 1346 2040 lin.
1363 1985 1393 2057 3,
1416 1993 1449 2042 et
1470 1975 1647 2043 innomine
1667 1977 1968 2046 Sanclrum'otlrorrt'r
2058 1953 2063 1964 ¹

342 2093 410 2171 (ιν
430 2107 526 2179 tratur
551 2097 643 2156 caim
664 2089 897 2168 mcnurfirmn
920 2101 985 2168 est,
1018 2111 1049 2154 r.
1072 2091 1128 2156 lib.
1148 2089 1198 2154 lV
1221 2113 1250 2155 e.
1268 2095 1318 2175 3).
1362 2089 1396 2174 b)
1421 2091 1476 2155 ubi
1498 2099 1681 2178 genitivum
1699 2095 1862 2178 designat,
1892 2069 1967 2158 ne.

342 2223 429 2274 nana
452 2219 519 2272 bru
542 2205 664 2290 popule·
683 2207 919 2270 Panormitam·
951 2207 985 2267 in
1016 2227 1102 2268 uum.
1124 2175 1272 2268 Panorm.
1296 2203 1341 2268 H.
1365 2203 1413 2283 1.,
1456 2219 1528 2274 aaut
1550 2202 1609 2274 'nto
1632 2208 1793 2270 Panormi
1812 2207 1966 2283 Romani,

342 2317 419 2384 ibid.
448 2316 508 2382 litt.
537 2317 586 2393 K;
623 2319 656 2382 iu
694 2317 877 2383 nominibus
904 2319 1042 2403 propriis
1080 2339 1106 2382 r.
1142 2340 1168 2382 c.
1198 2321 1360 2387 §raanan
1392 2315 1524 2382 Nunrid.
1554 2325 1593 2397 2,
1624 2325 1644 2382 2
1673 2325 1805 2402 rapiens
1836 2317 1965 2396 Baalr'r,

341 2451 446 2502 neusa
466 2427 572 2516 Tugg.
602 2437 630 2495 1.
652 2434 672 2494 3
694 2427 869 2516 (splendor
890 2435 1046 2516 tempor-ir
1073 2428 1126 2494 vel
1149 2431 1304 2517 populi),
1335 2445 1428 2516 atque
1451 2433 1496 2494 ita
1518 2431 1614 2495 etiam
1637 2429 1695 2495 ubi
1718 2431 1839 2496 Punica
1859 2429 1968 2495 latinis

340 2543 457 2610 litteris
486 2563 640 2629 expressa
666 2555 759 2621 suut,
795 2555 832 2608 at
858 2539 961 2606 Plaut.
993 2541 1088 2608 Vera.
1115 2549 1212 2618 1.,ιί
1240 2564 1360 2608 macons
1387 2543 1454 2608 sict
1482 2561 1544 2614 nttt
1573 2555 1686 2630 btpnut
1721 2544 1839 2626 (duim
1867 2546 1966 2626 loci).

341 2655 801 2740 veru.4.rp110tomurrbo.
846 2653 943 2720 Vera.
965 2659 995 2719 6.
1023 2655 1069 2721 Yr
1091 2657 1163 2721 eide
1183 2675 1263 2726 amu
1287 2675 1352 2724 tna.
1397 2655 1495 2721 Vera.
1515 2663 1544 2721 8.
1569 2657 1647 2750 chpr
1669 2659 1759 2741 ruelp
1781 2659 1864 2728 *haut
1889 2675 1963 2729 mn.

344 2809 383 2821 -
421 2787 471 2839 'tlt
496 2775 681 2856 principem
715 2769 858 2855 adeoque
881 2769 1029 2856 regulam
1050 2767 1235 2856 significare
1254 2783 1361 2857 potest
1383 2769 1430 2853 (v.
1453 2769 1537 2837 Lex.
1559 2769 1592 2834 b.
1616 2791 1645 2833 v.
1670 2789 1724 2834 no.
1741 2772 1782 2856 2)
1809 2785 1841 2835 et
1863 2770 1971 2836 nobile·

341 2889 619 2971 generatorium:
640 2880 751 2948 malim
772 2885 879 2969 prius,
910 2884 985 2967 quia
1006 2881 1113 2967 paullo
1135 2897 1206 2968 post
1232 2897 1424 2949 memoratur
1445 2903 1582 2969 regnum
1602 2892 1756 2947 nostrum.

469 3035 559 3103 trata
582 3018 701 3100 nanu)
734 3023 793 3102 qui
817 3025 919 3102 paler
940 3031 1009 3078 erat
1031 3016 1219 3081 Sardorum.
1263 3017 1299 3082 lu
1324 3018 1374 3082 bis
1400 3039 1495 3082 nemo
1517 3019 1698 3083 offendatur
1721 3016 1877 3095 articulo,
1912 3019 1966 3102 qui

343 3130 507 3220 praefixus
530 3143 579 3195 est
599 3132 723 3194 nornini
744 3131 869 3216 regenti
890 3145 935 3198 att
958 3144 990 3193 et
1012 3131 1103 3194 deest
1124 3143 1197 3193 ante
1219 3132 1395 3216 genitivum
1419 3145 1524 3219 pnnttt
1548 3133 1577 3194 is
1592 3133 1678 3194 enim
1702 3132 1837 3196 eandem
1860 3127 1967 3215 legem

343 3249 487 3333 seqnitur
515 3257 609 3330 atque
635 3245 670 3308 iu
698 3245 742 3331 bag
764 3261 820 3329 nra
843 3243 912 3337 bra-p
936 3241 1017 3308 Gen.
1041 3249 1100 3321 31,
1124 3247 1180 3317 13;
1216 3258 1248 3306 et
1274 3241 1337 3306 boc
1366 3244 1494 3330 quidem
1516 3241 1588 3307 loco
1611 3245 1811 3308 necessarius
1834 3255 1903 3306 erat
1925 3242 1966 3306 ad

344 3357 591 3446 significandum
619 3377 711 3434 euru,
746 3357 800 3442 qui
830 3354 901 3419 κατ’
927 3353 1035 3438 ἐξοχὴν
1054 3369 1123 3419 erat
1144 3355 1247 3441 πατὴρ
1269 3362 1331 3420 τῶν
1354 3357 1554 3442 Σαρδονίων,
1583 3359 1705 3442 patriae
1727 3371 1817 3441 pater
1844 3355 1903 3440 (cl.
1926 3356 1968 3419 ad
2081 3421 2084 3426 ,

344 3471 411 3535 les.
435 3475 473 3550 9,
496 3475 525 3536 5.
555 3473 608 3546 22,
631 3475 668 3532 21
698 3480 729 3531 et
751 3465 851 3533 Thes.
872 3489 903 3531 v.
925 3485 970 3563 aa
993 3491 1045 3532 no.
1068 3473 1119 3553 3).
1140 3467 1262 3533 Herod.
1285 3473 1323 3546 3,
1348 3474 1403 3533 89:
1435 3469 1553 3554 λέγουσι
1582 3466 1723 3551 merod,
1760 3466 1802 3544 ὡς
1833 3471 1968 3550 Δαρεῖος

342 3583 402 3667 μὲν
423 3575 461 3666 ἦν
482 3579 634 3665 κάπηλος,
662 3578 839 3664 Καμβύσης
860 3580 895 3644 δὲ
916 3579 1081 3666 δεσπότης·
1112 3583 1218 3668 Κῦρος
1238 3579 1273 3645 dd
1296 3581 1424 3668 πατήρ
1450 3627 1542 3645 .....
1567 3580 1615 3646 ὅτι
1637 3580 1727 3666 ἤπιός
1740 3607 1772 3666 ιτ
1795 3583 1845 3645 καὶ
1861 3579 1968 3665 ἀγαθά

346 3719 404 3782 σφι
428 3693 527 3759 πάντα
549 3692 776 3778 ἐμηχανήσατο.

473 3848 521 3900 ιιτι
542 3829 630 3914 aba)
664 3831 732 3894 sive
761 3827 981 3917 pronuntiabis
1010 3831 1078 3924 abug
1109 3831 1178 3894 sive
1201 3831 1301 3924 nibai,
1333 3831 1419 3927 abui,
1451 3831 1585 3916 perinde
1611 3844 1675 3908 est,
1704 3831 1771 3898 abt>
1795 3830 1880 3926 enim
1903 3848 1966 3891 uon

343 3959 448 4034 potest
488 3956 552 4010 nou
584 3956 763 4009 concretum
794 3965 865 4009 esse
896 3957 929 4007 et
957 3949 1123 4030 r'ntegrtrm
1160 3942 1342 4030 significare
1378 3941 1431 4007 vel
1457 3951 1553 4030 puct'r
1582 3953 1758 4022 amantem,
1795 3941 1835 4006 cf.
1860 3939 1966 4035 eruite}

341 4079 454 4146 pacem
477 4055 618 4122 colentes
640 4053 692 4120 Pu.
716 4059 768 4134 69,
791 4061 850 4136 23,
879 4058 962 4151 naba}
986 4059 1075 4141 pacis
1097 4077 1208 4121 amans
1232 4057 1422 4136 asamar,
1440 4061 1499 4134 19,
1523 4057 1590 4149 abui
1613 4057 1695 4121 Lex.
1711 4077 1765 4122 no.
1779 4061 1809 4122 3.
1853 4053 1968 4120 Malim

233 4167 243 4186 ‘
344 4187 451 4236 tamen
475 4172 564 4264 1152),
594 4181 629 4234 ut
650 4167 808 4233 alludatur
830 4170 870 4233 ad
893 4172 994 4264 nibai,
1025 4170 1108 4256 qnod
1131 4176 1237 4235 statim
1260 4172 1419 4256 sequitur,
1451 4181 1484 4232 et
1505 4172 1670 4255 utriusque
1693 4171 1776 4234 idern
1801 4191 1898 4234 sonus
1917 4170 1967 4234 sit.

473 4307 576 4396 rubba
607 4324 665 4374 tt:r
691 4305 781 4390 tabet)
817 4305 938 4403 ιιῃξξις
968 4315 1027 4400 112)
1057 4305 1140 4398 aibr}
1165 4326 1243 4390 poc
1264 4311 1437 4392 continget
1461 4327 1564 4393 regno
1589 4315 1710 4371 nostro.
1755 4303 1926 4370 Transitur
1949 4299 1973 4366 a

345 4419 442 4484 laude
462 4423 616 4506 principis
638 4418 778 4484 defuncti
802 4419 842 4482 ad
864 4419 949 4483 bona
970 4433 1045 4483 rota
1066 4441 1123 4502 pro
1147 4418 1271 4481 civibus
1294 4419 1521 4506 superstitibus
1537 4419 1758 4506 nuncupanda.
1803 4417 1970 4480 Sententia

345 4549 411 4600 eat:
447 4535 522 4599 dum
550 4531 679 4597 vivebat
705 4531 779 4610 ille,
817 4534 904 4616 pacis
938 4544 970 4594 et
997 4529 1110 4595 salutis
1135 4529 1281 4618 publicae
1304 4531 1397 4596 nobis
1420 4547 1529 4598 auctor
1552 4547 1636 4611 erat,
1675 4553 1759 4600 nunc
1781 4551 1819 4593 eo
1842 4541 1967 4591 mortuo

345 4645 402 4711 Dii
423 4669 524 4734 regno
547 4645 732 4730 civibusque
754 4645 823 4708 eius
846 4625 955 4730 paoem
978 4639 1163 4728 largiantur.
1207 4641 1257 4707 Cl.
1281 4641 1344 4708 Cit.
1362 4649 1401 4708 33
1423 4643 1479 4709 fin.
1523 4643 1669 4710 Verbum
1694 4655 1750 4712 teis
1772 4637 1968 4706 construitur

346 4783 393 4848 sq.
416 4763 616 4838 accusativo,
640 4771 674 4823 ut
694 4755 762 4822 Iob.
785 4765 844 4836 22,
866 4763 925 4821 21:
955 4766 1041 4848 τιξιυ
1067 4767 1196 4854 angiam
1220 4765 1390 4843 continget
1413 4757 1478 4822 libi
1498 4757 1620 4824 donam.
1648 4757 1700 4821 Ps.
1723 4760 1793 4833 119,
1815 4755 1867 4817 41.
1891 4755 1943 4816 77.

473 4917 508 4983 ln
533 4919 662 4982 nomine
684 4919 813 5001 proprio
834 4912 916 4978 nibil
933 4913 1142 4978 memorabile
1162 4929 1225 4979 est:
1250 4909 1288 4978 de
1304 4893 1433 4985 nomine
1447 4914 1612 5000 gentilicio
1627 4911 1746 4980 dubito.
1791 4911 1827 4976 st
1844 4909 1967 4975 litteras

350 5045 385 5095 ut
413 5031 524 5096 Arrius
552 5027 661 5117 legere
690 5027 801 5094 liceret
830 5031 919 5106 abab,
949 5027 1088 5092 Lr'xe'um
1117 5027 1298 5114 intelligere
1327 5030 1507 5112 possimus,
1544 5049 1562 5090 e
1591 5027 1685 5116 Lixo
1715 5027 1855 5108 (Λίξος,
1883 5025 1968 5108 Ant

349 5143 498 5230 Steph.),
528 5143 744 5208 Mauritaniae
764 5139 844 5206 urbe
867 5141 1046 5208 oriundum.
1091 5141 1154 5205 Sed
1177 5138 1277 5203 altera
1298 5137 1407 5202 littera
1427 5140 1534 5203 dill'crt
1557 5137 1721 5225 arcliquis
1737 5137 1862 5224 figuris,
1887 5157 1967 5223 quae

346 5255 456 5321 Gimel
477 5271 567 5335 sunt,
598 5271 629 5320 et
651 5257 745 5319 tertia
765 5268 815 5320 est
828 5232 948 5343 'eadem
970 5276 1049 5341 quae
1072 5251 1149 5316 alibi
1171 5271 1204 5318 n.
1250 5250 1342 5328 Quae
1364 5254 1391 5315 si
1413 5265 1560 5318 accurate
1583 5255 1772 5338 pictarum,
1796 5251 1966 5338 legendum

344 5373 444 5450 mab,
477 5371 559 5455 quod
581 5369 621 5434 ad
643 5373 784 5437 rationes
805 5367 1035 5456 geographicas
1059 5389 1210 5434 revocare
1233 5387 1295 5432 non
1315 5387 1453 5454 possum.
