4924 6304
444 747 446 750 Ι
503 655 716 727 lNSCRlP'l'.
740 659 1205 732 Punico-Nemorensis.
1246 667 1785 752 Lx.NUM1n10AQUAR’PA.
1879 680 1955 753 207

328 865 437 912 rarum
471 859 628 934 potestate
655 853 750 936 atque
779 851 820 916 de
848 853 998 918 universa
1026 857 1187 920 sententia
1208 856 1288 921 milri
1310 878 1387 922 mox
1410 871 1576 923 constaret.
1618 861 1694 926 Duo
1715 864 1785 927 eius
1806 863 1953 940 dedimus

327 957 495 1046 exempla,
533 959 669 1027 altorum
697 965 802 1028 iustae
834 967 1083 1052 magnitudinis,
1120 968 1255 1034 alterum
1286 973 1320 1034 in
1347 971 1454 1035 mione
1491 986 1703 1054 contractum,
1739 977 1824 1060 qnod
1854 963 1951 1040 totins

327 1076 526 1138 monumenti
547 1071 684 1160 figurare
710 1075 854 1141 referret.

454 1183 712 1274 Explicationem
736 1190 805 1253 einr
828 1189 916 1254 dedit
936 1189 1141 1258 Hamakerus
1163 1215 1194 1278 p.
1217 1199 1372 1273 22—37,
1408 1217 1472 1260 non
1495 1196 1677 1278 meliorem,
1708 1221 1802 1286 quam
1823 1219 1951 1286 praece·

325 1297 432 1363 dentis
456 1297 557 1379 tituli,
588 1301 673 1388 qnod
695 1299 790 1366 aliter
810 1300 881 1368 fieri
897 1325 960 1368 non
976 1319 1132 1390 poternta
1149 1309 1217 1370 viro
1231 1304 1422 1372 Numidicae
1443 1311 1621 1395 scripturae
1642 1314 1798 1378 rationem
1819 1335 1951 1398 prorsus

323 1413 506 1498 ignorante.
558 1411 752 1478 Reversis
775 1418 903 1483 nonnisi
934 1431 998 1480 tres
1028 1432 1215 1504 quattnorve
1245 1417 1368 1484 litteras
1395 1421 1457 1502 (a,
1482 1440 1521 1500 s,
1545 1426 1584 1503 b,
1612 1427 1730 1510 passim
1754 1443 1775 1491 n
1800 1425 1896 1510 etn)
1919 1440 1951 1488 et
2062 1417 2064 1423 ’

325 1524 390 1588 tria
410 1521 566 1590 vocabula
588 1525 662 1609 (lin.
685 1533 705 1592 2
727 1529 807 1606 lenz,
830 1527 888 1592 lin.
911 1535 931 1595 3
953 1549 1022 1598 nnn
1046 1577 1072 1596 ..
1094 1531 1197 1619 ¹:5³5)
1219 1548 1305 1596 reete
1327 1531 1409 1618 legit
1430 1537 1464 1598 in
1485 1537 1747 1621 interpretatione
1769 1559 1846 1618 sua,
1869 1559 1949 1624 quae

323 1633 406 1702 haec
427 1649 493 1702 est:

848 1732 1428 1826 ·wwwmnmnn

793 1857 842 1930 ll!
866 1857 921 1938 lli?
943 1859 1042 1941 ⁰³³3
1066 1863 1116 1935 ll*r
1139 1854 1267 1943 ”illini
1289 1851 1346 1930 ’,ἐξ
1368 1849 1430 1931 5ἶὲ

968 1975 1038 2052 nat
1063 1961 1215 2058 niueos}
1233 1967 1324 2057 ons
1348 1959 1430 2058 best

412 2081 541 2149 Donum
554 2092 654 2152 murts·
670 2106 804 2153 uvarum
819 2109 884 2175 pro
899 2095 1006 2157 eineis
1025 2057 1092 2178 (vel
1110 2093 1282 2158 secundnm
1300 2094 1451 2173 ordines,
1474 2115 1587 2180 nempe
1604 2097 1791 2180 vinearum)
1809 2102 1950 2178 propter

455 2291 458 2298 ⁴
664 2196 666 2207 ⁴
1159 2212 1392 2272 incrementum
1414 2229 1525 2272 eurum
1556 2205 1627 2292 (uel
1650 2208 1741 2292 eius)

410 2307 547 2392 Endon!
576 2309 713 2377 Zoense's
741 2310 813 2398 (vel
836 2312 1064 2402 zeugitanae)
1096 2317 1142 2382 od
1169 2319 1355 2404 expiandos
1381 2317 1552 2406 Bugenses
1579 2328 1812 2385 monumentum
1834 2324 1949 2406 posuit

1155 2431 1320 2496 laudando
1343 2431 1413 2516 (vel
1434 2432 1646 2517 celebrando)

411 2532 571 2600 dominun
586 2535 780 2618 fructuum,
811 2539 858 2606 od
873 2549 1163 2629 compensationem
1179 2543 1348 2629 publicum

324 2688 482 2756 quamque
503 2674 532 2736 si
553 2669 682 2737 silentio
706 2677 844 2740 transire
866 2678 1059 2764 potuissem,
1090 2677 1194 2743 bonae
1217 2680 1258 2748 de
1279 2681 1420 2746 auctoris
1438 2679 1559 2744 iudicio
1582 2681 1811 2744 existimationi
1833 2675 1947 2742 melios

324 2781 567 2850 consuluissem.

453 2905 483 2964 2.
526 2895 631 2964 Nobis
653 2901 738 2966 viam
761 2901 801 2966 ad
823 2897 995 2988 legendnm
1016 2899 1103 2967 hune
1124 2900 1249 2970 titolum
1272 2905 1409 2970 munivit
1429 2901 1518 2970 linea
1539 2905 1651 2984 tertia,
1690 2905 1729 2969 de
1751 2926 1814 2992 qna
1835 2903 1946 2988 dispu-

324 3011 463 3076 tavimus
472 3011 650 3098 palaeogr.
665 3011 807 3079 Studien
822 3038 850 3102 p.
868 3017 909 3080 77
923 3037 993 3102 sqq.
1039 3015 1145 3081 Etiam
1161 3007 1301 3081 linense
1317 3020 1511 3082 sententiam
1528 3040 1570 3084 ex
1585 3017 1770 3105 apographo
1783 3013 1946 3082 Humber-
2060 3009 2062 3016 ’

322 3125 413 3188 tiano
432 3145 700 3210 perceperamus,
735 3129 870 3212 primam
894 3125 1031 3208 lineam,
1061 3143 1096 3194 ut
1118 3129 1279 3209 diximus,
1301 3129 1375 3215 ipso
1398 3131 1525 3196 demum
1545 3129 1651 3217 lapide
1672 3135 1815 3218 inspecto
1836 3117 1945 3216 legere
2002 3184 2012 3212 ,-

323 3237 501 3322 coepimus.
544 3234 667 3303 Nostra
685 3254 791 3304 autem
814 3237 910 3305 lectio
932 3241 1013 3306 haee
1033 3256 1098 3308 est:

790 3349 1765 3500 mmmmmmm.'

592 3509 729 3638 rison
759 3536 848 3612 nes
878 3514 992 3616 neus
1025 3536 1101 3641 pua
1132 3513 1307 3618 tenum
1335 3521 1370 3611 's
1408 3545 1451 3640 ιι
1482 3517 1561 3621 bs:

502 3653 510 3664 '
895 3653 1560 3799 nmmwmnmmpss

430 3827 566 3928 Imago
596 3829 961 3906 &merlotensem
983 3833 1048 3906 tus'
1065 3831 1179 3922 lusti,
1211 3834 1379 3932 spectati
1396 3834 1438 3906 ιἰι
1464 3833 1586 3908 ocultis

428 3959 581 4052 Boulis,
596 3961 686 4054 filc's'
706 3963 811 4036 serns’
830 3963 894 4038 tus'
916 3961 1168 4063 Hiempsalis,
1193 3962 1357 4037 Demsin'
1373 3962 1489 4060 regni
1502 3961 1650 4063 populi
1668 3960 1944 4060 Menapiorum,

427 4091 692 4191 (consecrata)
718 4092 842 4166 Bnols'
867 4092 1001 4167 Solnre'
1021 4092 1208 4184 Dome'no,
1241 4093 1312 4194 qus'
1334 4092 1538 4170 eneconis
1560 4117 1670 4167 uoces
1687 4092 1841 4195 pepuli.

448 4241 508 4308 Est
529 4245 642 4330 igitur,
672 4265 774 4330 aeque
794 4259 888 4331 atque
905 4258 970 4309 tres
985 4245 1232 4330 praecedentes,
1254 4242 1337 4330 lapis
1353 4247 1479 4310 votivus
1497 4241 1590 4309 Baali
1606 4242 1713 4310 Solari
1732 4259 1944 4320 consecratus,

321 4356 381 4422 sed
403 4358 550 4420 voventis
572 4358 713 4444 imagine
727 4371 873 4438 ornatus,
897 4379 958 4444 quo
980 4357 1180 4437 factumest,
1204 4369 1238 4422 ut
1251 4358 1411 4422 sententia
1425 4355 1507 4422 tituli
1524 4359 1654 4423 inverso
1669 4359 1781 4423 ordine
1795 4359 1946 4444 procedat

322 4481 358 4532 et
387 4471 535 4533 voventis
565 4489 683 4535 nomen
710 4483 802 4558 atque
830 4472 979 4556 prosapia
1013 4472 1153 4535 numinis
1183 4470 1338 4535 mentioni
1372 4471 1550 4555 praemissa
1577 4473 1629 4536 sit.
1687 4467 1736 4535 De
1766 4467 1943 4534 litterarum
1971 4516 1974 4527 ,

320 4577 453 4668 figuris,
475 4602 556 4668 quae
578 4583 661 4648 mira
674 4579 870 4670 negligentia
882 4589 914 4646 e't
927 4595 995 4646 arte
1009 4569 1160 4669 perquam
1173 4583 1247 4648 rudi
1263 4597 1413 4647 exaratae
1429 4596 1523 4664 sunt,
1545 4605 1643 4648 unum
1660 4581 1943 4670 praemuniendum

323 4707 392 4774 eet,
426 4696 551 4758 tertiam
580 4691 719 4774 lineam,
755 4717 835 4782 quae
857 4691 1026 4758 formulam
1052 4697 1191 4760 votivam
1214 4698 1393 4775 contineat,
1420 4698 1538 4781 passim
1562 4693 1643 4760 alios
1665 4679 1783 4781 eosque
1805 4694 1944 4758 maiores

322 4805 524 4872 characteres
545 4805 664 4872 habero
686 4823 780 4894 atque
803 4809 882 4900 duas
902 4807 1024 4892 priores
1054 4807 1113 4891 (cl.
1145 4807 1256 4895 Cupl,
1286 4807 1430 4887 bened,
1460 4807 1590 4892 Mem),
1627 4809 1717 4874 cuins
1745 4809 1792 4870 rei
1814 4825 1944 4872 causans

321 4916 414 4983 lrano·
433 4918 534 4985 foisse
564 4941 701 5000 censeo,
737 4917 822 5006 qnod
849 4917 991 5005 sculptor
1018 4921 1052 4984 in
1081 4917 1142 4984 heo
1170 4919 1311 4986 formula
1341 4918 1512 4986 scribenda
1540 4917 1604 4984 alia
1626 4916 1775 5004 exempla
1796 4933 1944 4985 accurata

321 5031 464 5097 imitatus
485 5047 552 5112 eet,
579 5035 613 5098 in
635 5031 760 5120 reliqna
784 5032 868 5098 tituli
888 5045 985 5120 parte
1002 5046 1035 5097 et
1054 5035 1088 5097 in
1110 5029 1293 5097 nominibus
1316 5034 1453 5118 propriis
1474 5031 1654 5098 scribendis
1676 5051 1718 5096 ex
1739 5051 1799 5097 eoa
1820 5046 1942 5108 tentam

320 5141 513 5209 dexteritate
534 5145 637 5211 dicam
661 5168 702 5210 an
724 5147 885 5231 imperitia
907 5147 1136 5212 et·rusticitate
1156 5144 1325 5231 pendebat.
1369 5141 1455 5220 Quid
1476 5145 1516 5209 de
1539 5142 1736 5231 singularam
1762 5143 1941 5212 litterarum

318 5269 476 5343 potestate
497 5271 691 5340 statuemus,
720 5260 755 5325 in
775 5257 947 5345 alphabeto
968 5255 1096 5326 tabulae
1117 5258 1242 5325 adiecto
1264 5257 1494 5340 indicavimus,
1523 5279 1621 5346 quase
1643 5258 1683 5323 ad
1705 5257 1833 5348 singula
1847 5281 1944 5346 expe·

317 5370 437 5436 dieoda
458 5373 522 5436 iem
546 5371 774 5440 transeundum
796 5369 857 5440 erl.
