4992 6292
349 619 725 692 camoenarum
739 619 1022 690 COMPARATA.
1052 626 1093 702 4.
1107 620 1333 738 repulsus
1346 621 1528 690 ITALlAE
1542 622 1871 692 Ll'l'TEliA'l'URA.
1916 632 1966 704 73

351 812 459 895 Quam
480 805 619 899 figuram
640 809 700 875 snb
723 807 809 875 Suis
828 831 853 874 s.
868 809 953 876 Zeia
968 811 1143 897 posuimus,
1168 830 1207 872 ea
1220 807 1318 896 vulgo
1330 809 1389 875 sub
1404 809 1515 898 Sigma
1530 827 1701 898 comparet,
1722 816 1813 880 cuius
1830 827 1967 902 potcsta-

348 941 411 992 tem
434 925 521 990 baud
543 923 640 990 dubie
658 922 774 988 babet:
806 943 866 988 nos
888 923 928 988 ad
951 926 1108 1010 originem
1128 943 1219 986 suam
1241 944 1311 987 eam
1334 925 1565 988 revocavimus.
1747 921 1750 924 ’

473 1074 506 1130 4.
550 1063 602 1128 De
638 1061 755 1128 litteris
794 1061 1002 1127 Celtibericus
1037 1065 1071 1126 in
1100 1060 1280 1147 Hispaniae
1310 1061 1564 1128 Tarraconensis
1595 1077 1627 1127 et
1655 1062 1807 1130 Baeticae
1836 1079 1967 1132 monete

346 1177 453 1258 obuiis
480 1182 533 1264 (v.
554 1173 735 1242 Miennctl
754 1196 787 1260 p.
805 1179 836 1239 i.
853 1181 903 1240 21.
920 1179 964 1240 40
984 1197 1051 1262 sqq.
1074 1178 1115 1240 50
1135 1195 1204 1260 sqq.
1247 1174 1390 1240 Recuet'l
1407 1176 1465 1240 des
1486 1175 1650 1240 Planclret
1672 1176 1733 1240 tab.
1758 1185 1806 1244 16.
1830 1183 1880 1243 17.
1904 1185 1966 1264 18)

345 1312 411 1356 uon
441 1291 487 1356 ita
516 1303 656 1365 constat,
688 1301 732 1362 ‚ut
759 1284 958 1372 singularum
990 1290 1038 1351 vis
1074 1303 1161 1354 certo
1198 1283 1327 1354 defidiri
1360 1290 1472 1374 possit.
1532 1285 1637 1364 Quam
1675 1309 1751 1354 vero
1788 1291 1966 1378 Vclnrqtres

345 1401 498 1488 (Europe
515 1377 582 1468 'cet
603 1399 665 1464 tab.
679 1400 719 1484 5)
740 1401 905 1464 contexuit
926 1419 1038 1465 earum
1059 1400 1219 1481 tabulam,
1242 1423 1299 1480 aa,
1321 1399 1401 1464 licet
1422 1399 1462 1465 ab
1483 1398 1643 1464 Eckbelio
1665 1403 1807 1487 iniquius
1827 1403 1966 1470 indicata

344 1513 407 1596 (D.
427 1511 470 1580 N.
491 1513 507 1578 l
527 1537 556 1600 p.
573 1511 632 1594 6),
663 1514 698 1576 iu
718 1509 864 1596 plurimis
888 1515 967 1577 satis
988 1527 1075 1578 recte
1098 1535 1134 1578 sa
1147 1513 1277 1578 'babere
1300 1513 1442 1600 videtur,
1481 1525 1514 1576 et
1535 1515 1648 1597 partim
1678 1511 1856 1579 litterarum
1877 1513 1966 1578 ltali-

344 1647 454 1692 carum
490 1623 664 1711 analogia,
711 1626 829 1709 partim
863 1623 1091 1690 nonnullorum
1127 1629 1291 1691 nominum
1330 1627 1532 1711 propriorum
1567 1623 1705 1690 lectione
1746 1625 1963 1692 confirmatur.

343 1735 507 1804 Certiores
535 1740 606 1802 eius
633 1735 756 1822 figuras
783 1757 824 1800 eo
854 1735 968 1802 saltem
989 1737 1125 1804 consiliu
1147 1741 1280 1824 apposui
1307 1737 1431 1824 (tab.2
1455 1735 1592 1820 colb),
1630 1743 1666 1802 bt
1688 1755 1877 1824 appareret,
1906 1738 1964 1806 bat

341 1849 466 1917 litteras
496 1848 591 1914 Oscis
621 1869 694 1914 esse
732 1849 854 1914 vicinas
890 1865 923 1915 et
957 1852 1104 1916 eiusdem
1136 1853 1270 1937 originis
1304 1865 1398 1935 atque
1428 1863 1568 1914 veterem
1592 1823 1712 1914 'Italiae
1741 1849 1978 1938 litteraturam,

341 1964 545 2030 manifestum
567 1978 675 2030 autem
696 1985 769 2028 esse
792 1983 903 2028 aorrrm
925 1985 1084 2043 errorem,
1116 1966 1170 2051 qui
1186 1962 1309 2028 litteras
1329 1964 1510 2050 incognitas
1524 1963 1559 2025 in
1576 1977 1780 2028 monumento
1796 1961 1965 2050 Tuggensi

343 2077 455 2144 obvias
479 2077 538 2164 (de
561 2077 676 2164 quibus
696 2076 769 2140 vide
789 2074 848 2140 lib.
873 2074 916 2154 11,
938 2077 978 2141 cd
1004 2079 1103 2142 inser.
1124 2077 1186 2162 56)
1212 2075 1421 2142 Celtibericus
1441 2095 1512 2140 essa
1536 2089 1746 2140 censuerunt:
1782 2097 1964 2164 quanquam

342 2189 516 2256 nonnullae
537 2189 625 2256 illius
645 2188 770 2254 litterae
791 2187 936 2253 Italicam
957 2189 1115 2275 originem
1136 2211 1212 2276 prae
1234 2210 1269 2252 re
1291 2189 1376 2252 ferre
1398 2189 1556 2252 videntur.

472 2334 504 2396 5.
546 2330 710 2394 Romanor
732 2334 763 2414 t)
786 2327 910 2393 duobus
932 2330 1043 2413 primis
1064 2341 1136 2414 post
1159 2327 1202 2392 V.
1222 2325 1259 2391 C.
1283 2325 1401 2393 seculis
1423 2325 1555 2392 Graecia
1570 2325 1726 2393 'l'uscisve
1741 2327 1857 2394 litteris
1873 2351 1962 2410 uros,

210 2473 213 2478 ·
314 2511 319 2520 ,
341 2441 415 2506 dein
438 2439 649 2508 litteraturam
671 2443 735 2508 sibi
757 2443 919 2527 propriam
944 2461 1006 2504 non
1030 2439 1071 2504 ab
1092 2441 1238 2505 Etruscis
1254 2439 1432 2525 Oscieqnc,
1456 2441 1513 2504 sed
1527 2461 1546 2503 a
1560 2437 1692 2507 Graecis
1707 2439 1819 2506 ltaliae
1835 2439 1962 2522 ineolis,

340 2553 478 2620 fortasse
495 2552 712 2640 aCampanis,
734 2555 875 2640 petiisse,
897 2573 969 2618 cum
983 2555 1134 2618 universa
1146 2551 1261 2618 barum
1275 2552 1453 2616 litterarum
1469 2555 1551 2616 ratio
1567 2565 1599 2614 et
1614 2551 1749 2618 historin
1763 2555 1873 2632 docet,
1895 2569 1963 2620 tum

341 2668 472 2754 egregie
491 2689 594 2753 nuper
615 2668 767 2752 exposuit
791 2665 906 2744 Odofr.
929 2665 1115 2731 Muellerus
1136 2669 1194 2749 ¹³⁸).
1237 2661 1384 2750 Namque
1407 2685 1472 2728 non
1493 2666 1528 2727 in
1550 2685 1590 2727 eo
1611 2678 1734 2730 tentum
1752 2669 1963 2732 recentiorem

342 2775 540 2844 Graecorum
569 2801 691 2844 morem
719 2776 943 2856 imitabantur,
982 2779 1067 2865 quod
1094 2776 1217 2842 litteras
1251 2797 1271 2839 a
1297 2775 1392 2840 laeva
1421 2777 1461 2840 ad
1491 2777 1637 2840 dextram
1668 2775 1868 2862 dirigebant,
1904 2780 1963 2844 sed

340 2883 451 2976 plures
480 2894 576 2956 etiam
604 2890 727 2956 litteras
749 2913 769 2956 a
789 2889 923 2955 Graecis
945 2886 1158 2976 adoptabant,
1193 2889 1309 2974 quibus
1328 2900 1496 2954 caruerant
1517 2901 1642 2953 veteres
1663 2886 1754 2966 Itali,
1793 2903 1829 2954 ut
1854 2887 1893 2968 B,
1917 2887 1961 2970 0,

341 3001 384 3086 Q.
429 3001 502 3070 Una
523 3007 557 3068 in
578 3026 614 3068 re
636 3003 817 3070 'l'uscorum
839 3005 1019 3068 vicinorum
1041 2999 1225 3087 exemplum
1248 3003 1351 3065 secuti
1373 3022 1445 3066 esse
1468 3001 1625 3066 videntur.
1674 2999 1721 3064 Hi
1741 3004 1827 3068 eninr
1850 3005 1962 3068 tertiae

339 3113 465 3182 litterae
494 3119 541 3195 Γ,
575 3116 603 3181 C
628 3129 818 3203 potestatem
844 3121 903 3180 τοῦ
931 3139 950 3180 κ
977 3112 1174 3193 tribuerant,
1211 3115 1307 3200 idque
1336 3116 1440 3199 ipsum
1467 3112 1613 3178 lecerunt
1638 3112 1795 3194 Romani,
1826 3136 1961 3202 quorum

339 3227 448 3294 littera
461 3225 488 3290 C
503 3249 603 3314 nsque
619 3229 659 3290 ad
673 3225 792 3291 bellum
813 3227 969 3292 Punicum
988 3227 1162 3292 secundum
1184 3237 1217 3289 et
1238 3223 1265 3288 C
1290 3224 1418 3291 valebat
1438 3239 1470 3290 et
1491 3223 1521 3290 G
1549 3225 1605 3310 (iu
1627 3223 1776 3290 columna
1796 3207 1962 3294 Duilliana

228 3349 232 3357 '
339 3340 490 3406 scribitur
497 3335 840 3417 MACESTRATOS,
853 3335 1251 3418 CAll'l'AClNlENSlS),
1270 3337 1372 3403 donee
1386 3337 1447 3403 boo
1462 3340 1620 3424 posterius
1634 3338 1675 3404 ab
1687 3337 1745 3403 illo
1757 3354 1960 3428 segregatum

340 3467 374 3518 et
399 3455 433 3516 in
461 3454 633 3538 septimum
661 3449 823 3537 alphabeti
848 3448 955 3515 lecum
983 3463 1058 3514 tunc
1081 3469 1217 3514 vacuum
1245 3451 1339 3535 (nam
1366 3448 1473 3515 littera
1499 3449 1525 3514 Z
1553 3472 1592 3516 ea
1618 3463 1722 3516 aetate
1750 3454 1797 3518 uti
1819 3453 1959 3520 nondum

341 3564 531 3651 coeperant)
559 3566 714 3628 insertum
737 3577 797 3628 cst.

466 3718 504 3786 In
535 3735 644 3786 nostra
675 3718 786 3786 tabula
812 3717 1012 3806 singularum
1046 3713 1225 3782 litterarum
1263 3719 1421 3804 originem
1459 3721 1668 3784 monstraturi
1705 3723 1798 3786 tortio
1826 3719 1899 3786 loco
1928 3736 1961 3789 et

340 3830 553 3919 Cposuimus
575 3846 607 3896 ct
629 3831 675 3898 G:
704 3835 840 3919 septi-mo
862 3827 985 3897 locoZ
1017 3827 1115 3916 (Zet)
1137 3849 1179 3894 ex
1201 3849 1317 3916 graeco
1340 3828 1421 3895 Zeta
1444 3845 1567 3910 ortum,
1598 3829 1673 3895 licet
1695 3854 1768 3896 sero
1790 3833 1959 3899 demuma

338 3943 494 4010 Romanis
510 3959 693 4010 revocatum
713 3959 745 4010 et
766 3959 932 4032 propterea
950 3941 1062 4008 ultimo
1074 3939 1146 4007 loco
1161 3945 1315 4029 positum:
1339 3943 1396 4008 sed
1411 3955 1563 4008 consueto
1574 3963 1635 4007 suo
1649 3941 1721 4007 loco
1734 3942 1920 4030 reliquimus
1934 3945 1957 4012 S

338 4056 496 4134 litteram,
520 4077 699 4142 quanquam
723 4056 803 4123 haee
825 4061 894 4123 eiua
916 4056 1021 4144 figura
1043 4076 1106 4120 oon
1127 4077 1147 4118 a
1168 4055 1290 4135 Sabin,
1321 4057 1377 4120 sed
1401 4078 1421 4120 a
1442 4053 1578 4120 Samech
1600 4052 1652 4118 vel
1674 4053 1771 4135 Zeta,
1800 4059 1958 4144 originem

319 4145 465 4256 'repetit
516 4165 655 4253 Figurae
682 4170 772 4253 ipsae
797 4172 831 4234 in
859 4170 1088 4256 antiquissimis
1117 4171 1332 4234 monumentis
1361 4167 1429 4256 W)
1463 4190 1483 4232 a
1510 4165 1695 4254 vulgaribus
1728 4191 1793 4234 non
1822 4169 1958 4238 multum

340 4281 488 4346 diversae
510 4293 594 4344 sunt.
641 4277 809 4344 Vocabula
830 4295 885 4346 aut
898 4283 1049 4370 continua
1062 4283 1146 4345 serie
1160 4283 1280 4367 scripta
1292 4295 1347 4345 aut
1363 4279 1499 4367 singulis
1512 4283 1637 4367 punctis
1655 4271 1891 4362 discreta'sunt,
1912 4287 1958 4348 ita

340 4408 467 4473 minen,
504 4406 540 4458 ut
567 4395 817 4478 praepositiones
849 4418 868 4458 a
899 4394 1083 4458 nominibus
1110 4397 1178 4458 suia
1208 4393 1387 4458 disiunctae
1409 4415 1473 4458 non
1496 4395 1576 4472 rint,
1604 4392 1955 4461 calatunnam.

339 4501 562 4584 DENOVO„
594 4503 658 4569 alia
680 4528 805 4592 qnoque
826 4506 925 4570 verba
947 4508 1072 4580 minora
1092 4509 1176 4571 inter
1196 4527 1232 4572 se
1255 4505 1420 4592 copulata,
1443 4503 1635 4572 NECHOC.
1653 4503 1883 4582 NlQVlSCl'l'
1901 4507 1956 4592 †).

340 4616 422 4682 Aet
442 4617 471 4682 E
494 4616 641 4698 vocales,
679 4633 716 4683 nt
743 4621 777 4684 in
805 4619 968 4696 Etruscis,
1004 4638 1092 4682 more
1122 4615 1336 4684 Orientalium
1365 4622 1483 4706 passim
1510 4622 1667 4697 omissae,
1697 4639 1728 4681 v.
1752 4641 1780 4683 c.
1812 4617 1873 4683 dne
1898 4639 1957 4704 pro

341 4729 438 4811 dene,
476 4753 535 4796 ern
564 4753 622 4817 pro
651 4753 747 4812 cera,
786 4733 908 4798 minut
936 4751 994 4816 pro
1025 4730 1183 4812 decimus,
1222 4753 1296 4796 mut
1317 4731 1382 4818 'pro
1407 4753 1521 4810 corut,
1558 4731 1668 4797 chro
1690 4750 1747 4816 pro
1768 4729 1899 4794 Ledero
1929 4754 1955 4797 s.

339 4841 459 4908 Libero
480 4839 565 4928 ††):
592 4840 718 4910 litterae
740 4867 903 4934 nunquam
925 4843 1106 4931 geminatae
1127 4864 1158 4908 v.
1175 4865 1205 4930 g.
1228 4845 1339 4923 ndito,
1362 4845 1407 4908 t'Iu
1431 4847 1465 4909 in
1481 4839 1649 4908 Xlltabb.
1665 4863 1722 4928 pro
1736 4842 1862 4924 addite,
1885 4845 1954 4910 stro.

391 5145 416 5215 ⁸)
444 5167 475 5205 v.
493 5149 637 5204 Swrrrron
659 5153 691 5203 de
711 5153 801 5218 priscis
824 5151 996 5202 Romanorum
1016 5150 1112 5206 litteris.
1232 5144 1955 5218 Μ)ν.1.ιηο18οςςι”οΤ.1.ρ.112οᾳψ01111112.

340 5245 436 5302 Oxou.
456 5244 531 5301 1⁷46.
549 5245 577 5302 4.
606 5247 701 5300 Lrnzr
719 5249 813 5313 Suggio
830 5247 867 5300 T.
885 5245 910 5304 Ι.
929 5262 956 5314 p.
970 5245 1021 5299 115
1035 5261 1094 5314 sqq.
1230 5237 1261 5309 †)
1278 5243 1373 5294 urm
1392 5245 1413 5310 1,
1437 5246 1497 5296 1³0.

391 5338 438 5411 *il
455 5345 574 5396 mutter
593 5343 631 5410 11,
651 5359 678 5412 p.
694 5343 743 5396 311
759 5360 818 5413 sqq.
1234 5332 1279 5406 st)
1297 5337 1727 5410 Manruellrcronmuspddbl·
1746 5340 1842 5394 Larem
1858 5358 1884 5410 p.
1895 5342 1953 5395 118.

1535 5447 1574 5506 10
