4978 6296
832 635 850 665 .«
955 599 1384 674 rusnrnrro
1451 563 1455 568 ’
1907 607 1976 676 xv

484 793 624 873 Multas
637 793 931 876 indifficultates
948 795 1137 874 insumere
1151 816 1254 883 eum,
1277 773 1340 890 'qui
1356 793 1513 891 probum
1529 805 1568 868 et
1582 794 1769 891 integram
1785 818 1833 870 ne
1852 796 1976 875 dicam

354 903 534 1003 'omnbus
565 927 733 1003 numeris
765 924 976 998 absolutam
1010 921 1143 999 Ιιιιιιιιι
1170 923 1457 1022 epigrapharum
1483 921 1775 1001 delineationem
1798 926 1976 1004 exhibere

359 1056 470 1147 velit,
506 1054 547 1128 id
574 1055 686 1130 facile
711 1055 949 1142 fatebuntur,
984 1053 1195 1150 quicunque
1220 1051 1291 1126 hoc
1316 1054 1358 1126 in
1384 1037 1519 1148 genere
1543 1055 1644 1129 vires
1668 1077 1756 1132 suas
1779 1057 1977 1155 periclitati

359 1197 465 1261 sunt:
500 1207 572 1260 nec
596 1207 825 1283 magnopere
852 1180 1067 1258 mnandunr
1092 1193 1168 1273 est,
1200 1181 1241 1257 in
1266 1181 1340 1256 hoc
1362 1177 1514 1278 negotio
1537 1194 1617 1258 tam
1642 1205 1755 1282 saepe
1779 1201 1978 1283 peccatum

358 1335 451 1390 esse.
512 1314 559 1389 In
592 1316 718 1390 onmis
756 1314 858 1388 enim
893 1333 1006 1410 saepe
1039 1322 1123 1386 turn
1154 1310 1299 1385 eximia
1329 1309 1541 1386 litterarum
1575 1313 1767 1410 parvitas,
1804 1317 1978 1392 velutin

357 1442 604 1534 Accensilrus,
651 1443 948 1534 Panormitam,
989 1453 1070 1518 tum
1106 1442 1246 1517 detrito
1274 1440 1479 1522 multorum
1513 1441 1776 1545 exemplorum
1810 1445 1976 1524 conditio

358 1573 506 1649 obstare
527 1572 641 1664 solet,
674 1575 875 1672 quominus
892 1571 1110 1648 ‘litterarum
1138 1571 1274 1646 ductus
1291 1581 1392 1645 certo
1416 1567 1698 1664 dignoscantur:
1728 1572 1770 1644 in
1789 1573 1978 1671 lapidibus
2037 1629 2039 1634 s

357 1713 487 1780 contra
504 1725 656 1800 ,magne
688 1720 804 1799 saepe
834 1723 885 1776 cx
917 1725 962 1775 eo
996 1703 1115 1778 oritur
1141 1700 1356 1789 difficultas,
1397 1697 1496 1797 quod
1523 1701 1776 1798 inscriptionis
1793 1713 1890 1778 'area
1908 1705 1978 1778 'vel

357 1853 489 1930 aspera
527 1844 585 1912 est
626 1843 664 1906 et
704 1831 912 1928 inaequalis
947 1831 1011 1904 vel
1049 1842 1275 1929 tempestate
1307 1828 1440 1931 adesa,
1484 1841 1530 1902 ut
1558 1828 1623 1902 vel
1653 1830 1778 1928 ipsum
1812 1829 1977 1930 lapidem

356 1961 594 2044 examinanti
627 1959 776 2037 difficile
809 1961 859 2036 sit
894 1959 1016 2052 dictu,
1055 1972 1184 2036 utrum
1216 1959 1310 2034 haec
1340 1959 1458 2034 illa‘ve
1490 1959 1592 2034 linea
1626 1983 1650 2034 a
1682 1962 1855 2036 statuarii
1892 1963 1978 2038 stilo

355 2089 527 2186 profecta
552 2111 602 2166 au
628 2112 718 2164 casu
743 2101 826 2167 orta
852 2090 902 2164 sit
929 2090 991 2185 ¹⁹).
1042 2089 1092 2164 In
1116 2102 1274 2188 utroque
1300 2111 1436 2185 genere
1463 2101 1613 2188 praeter
1638 2088 1833 2164 oculorum
1858 2092 1978 2179 aciem

356 2221 447 2294 satis
472 2222 730 2318 incorruptam
749 2217 909 2294 subinde
931 2230 1013 2295 arte
1042 2218 1210 2296 adiutem
1231 2219 1341 2294 uobis
1362 2218 1526 2294 multum
1547 2219 1692 2317 proluit
1715 2219 1845 2318 lumen
1865 2217 1978 2318 idque

355 2347 567 2448 querelarum
592 2361 632 2423 et
654 2362 808 2425 acutum
821 2349 1078 2427 monumentis
1093 2349 1142 2425 ab
1158 2351 1264 2424 omrri
1279 2360 1387 2446 parte
1404 2347 1621 2424 edmomm:
1648 2371 1723 2446 quo
1738 2347 1978 2442 efficiebatur,

357 2491 401 2557 nt
430 2478 639 2555 litterarum
672 2479 808 2556 ductus
841 2479 957 2559 etiam
990 2479 1215 2555 minusalte
1240 2478 1349 2553 incisi
1374 2478 1438 2554 uel
1466 2476 1614 2567 detriti,
1647 2479 1712 2575 qui
1732 2478 1815 2554 luce
1842 2478 1979 2556 diurna

356 2611 499 2684 utentis
535 2610 654 2690 aciem
698 2609 778 2684 fere
819 2609 978 2704 ellegere
1018 2607 1182 2698 soleant,
1223 2609 1323 2682 lecta
1356 2609 1493 2684 umbre
1525 2608 1567 2682 iu
1600 2607 1736 2682 faeiem
1769 2608 1978 2706 prodirent.

356 2739 555 2818 Praeterea
569 2750 783 2817 memoratu
793 2761 872 2812 non
891 2735 1088 2834 indignum
1107 2747 1182 2828 est,
1206 2738 1449 2834 praecipuam
1468 2734 1659 2835 quandam
1676 2738 1978 2834 apographorum

358 2849 586 2951 discordium
623 2889 794 2944 caussam
827 2869 869 2944 in
896 2868 980 2965 ipsa
1011 2867 1155 2944 litteras
1179 2865 1372 2943 incidendi
1395 2869 1543 2944 rationo
1567 2867 1729 2964 pmitem
1753 2889 1844 2941 esse.
1895 2868 1980 2943 Ple-

356 3021 495 3097 raeque
519 2999 621 3076 enim
646 3000 701 3072 ite
724 2996 935 3095 insculptae
961 3010 1069 3088 sunt,
1108 3010 1152 3074 ut
1176 2999 1334 3094 quaevis
1358 2997 1459 3074 linea
1485 2997 1640 3074 erasmo:
1661 2995 1845 3072 fossulam
1870 2999 1979 3094 queri

356 3116 623 3224 triangularem
661 3127 818 3216 referet,
864 3149 960 3224 quae
997 3127 1038 3202 io
1068 3125 1206 3224 lepidis
1238 3125 1433 3222 superficie
1473 3125 1551 3200 lata
1588 3103 1630 3198 in
1666 3127 1745 3200 imo
1782 3125 1902 3202 londo
1936 3129 1980 3202 in

357 3257 568 3354 simplicem
593 3255 732 3335 lineern
760 3267 868 3331 eoeut
881 3283 893 3328 ι
927 3275 1000 3350 quo
1026 3255 1172 3329 luctum
1199 3265 1275 3341 est,
1307 3264 1351 3328 ut
1373 3253 1424 3342 ii,
1469 3253 1533 3350 qui
1558 3254 1635 3330 stili
1660 3267 1813 3330 meeum
1833 3257 1876 3328 in
1898 3257 1979 3332 ima

356 3384 500 3464 fossula
535 3380 760 3461 delineando
791 3382 1049 3472 imitarentur,
1090 3383 1216 3481 plures
1246 3381 1458 3459 litterarum
1499 3381 1607 3460 anm
1634 3385 1839 3482 pingerent·
1865 3397 1979 3483 atque

355 3515 397 3590 lsi
434 3515 498 3613 qui
530 3535 682 3590 omnem
715 3501 845 3587 aarum
879 3511 1083 3592 crassitiem
1115 3509 1342 3590 imitandam
1376 3525 1581 3590 censerent.
1640 3508 1751 3601 Quod
1784 3524 1828 3588 ut
1860 3516 1978 3590 semel

356 3633 547 3722 luculento
572 3643 697 3745 aliquo
722 3639 902 3739 exemplo
926 3651 1181 3718 monstrarem
1206 3644 1248 3716 in
1274 3639 1763 3719 teneraemondensis
1788 3643 1983 3718 secundae:

358 3775 452 3853 duas
478 3772 748 3874 delineationes
772 3769 878 3860 dedi,
905 3787 1062 3867 quarum
1088 3791 1166 3846 una
1190 3769 1288 3847 hanc
1313 3770 1433 3847 altera
1455 3770 1559 3844 illam
1577 3773 1768 3848 rationem
1787 3774 1979 3871 sequitur:-

353 3905 397 3978 in
420 3903 502 3980 aliis
526 3903 711 4001 plerisque
735 3901 983 4000 posteriorem
1008 3902 1202 3978 rationem
1222 3912 1372 3976 secutus
1392 3921 1493 3976 snm.

356 4175 413 4236 lrm
432 4173 531 4236 oculis
550 4172 608 4234 rix‘
631 4172 828 4252 comitique
851 4173 987 4254 dignosci
1006 4181 1130 4253 queunt.
1202 4173 1328 4239 nodulo
1342 4171 1419 4236 milri
1439 4175 1504 4236 non
1522 4179 1650 4246 consul,
1671 4170 1758 4234 relat
1773 4169 1923 4236 Athens
1945 4186 1980 4238 et

355 4277 509 4362 Equidem
527 4278 592 4359 ipse
607 4297 661 4336 sne
676 4277 882 4359 magnitudine
896 4277 966 4338 dedi
978 4267 1130 4358 inscripti.
1204 4278 1406 4354 citiensium,
1454 4296 1626 4358 qumquem
1655 4277 1834 4341 Pometiam
1864 4278 1977 4343 horum

356 4384 459 4444 Melit.
478 4388 509 4442 1.
529 4387 559 4443 3.
577 4382 609 4456 l,
639 4379 757 4442 Athen.
785 4388 815 4441 1.
839 4388 871 4442 2.
908 4383 1130 4444 serracina
1203 4383 1343 4464 exempla
1363 4365 1493 4442 sommae
1513 4397 1616 4442 rerem
1635 4381 1872 4463 magnitudinem
1892 4383 1976 4446 refe·

358 4483 865 4570 cerd.1-9.Numid.l—s.
901 4483 1131 4566 carpentur-net.
1201 4495 1292 4548 nint:
1329 4507 1441 4568 parvos
1464 4487 1546 4546 enim
1570 4485 1666 4548 fuisse
1687 4484 1744 4547 hos
1759 4486 1897 4568 lapides,
1936 4504 1981 4564 exv

286 4649 291 4660 .
358 4592 411 4676 (r.
427 4589 540 4672 ila),
563 4609 617 4656 no.
635 4593 796 4665 72-7⁵‚
819 4602 1132 4671 numenqueetgem-
1202 4591 1376 4652 Oxoniensi
1399 4601 1536 4672 apparet.
1701 4583 1705 4596 '

356 4717 423 4760 roes
450 4696 517 4760 fere
544 4715 668 4762 omncs:
704 4695 775 4776 plne
804 4694 946 4756 minusve
971 4695 1005 4756 in
1032 4696 1132 4784 ninus
1267 4693 1319 4777 19)
1342 4695 1394 4756 Sic
1409 4696 1444 4756 in
1457 4693 1641 4758 Atheriani
1654 4692 1822 4776 peimlin.
1843 4693 1984 4759 ΗΜΛ·

356 4811 528 4865 condecore
555 4811 627 4886 snut
656 4800 758 4863 Melit.
782 4804 814 4861 2.
847 4797 954 4860 Carth.
979 4802 1129 4859 11-13.
1199 4783 1335 4881 plur-esp
1359 4800 1413 4880 qni
1441 4801 1571 4882 hpidem
1600 4819 1723 4860 mecum
1748 4799 1973 4878 exminrbcut,

355 4907 486 4972 Numid.
503 4910 614 4968 6-8.
639 4903 760 4986 Tripol.
779 4910 808 4966 i.
825 4911 858 4968 2.
881 4901 993 4984 Babyl.
1009 4921 1063 4964 no.
1080 4907 1132 4978 77,
1200 4903 1286 4966 dubii
1315 4915 1420 4981 erunt,
1458 4915 1563 4970 utrum
1588 4903 1728 4983 superior
1753 4902 1873 4968 litterae
1895 4905 1977 4968 linea

357 5016 390 5074 in
419 5012 516 5074 nisius
545 5012 652 5070 eucl'ne
683 5019 756 5072 runt
786 5031 898 5092 gemm.
930 5007 1073 5084 67—70
1101 5015 1133 5066 et
1199 5018 1265 5070 arte
1284 5008 1364 5069 faeta
1393 5030 1432 5070 cn
1453 5010 1560 5090 lapidis
1588 5027 1667 5068 vena
1694 5016 1783 5072 erest.
1843 5011 1907 5072 Ubi
1936 5031 1977 5074 ex

357 5119 445 5180 numi
480 5107 706 5195 numerumque
740 5113 922 5196 epigraphes
951 5109 1129 5186 nonnullas,
1200 5113 1319 5194 eetppir
1341 5113 1537 5182 indicandum
1558 5120 1623 5187 est,
1650 5112 1809 5182 subtiliora
1827 5116 1978 5182 eiusmodi

357 5232 395 5282 nt
417 5221 481 5282 Sid.
497 5220 640 5296 U-x,
672 5220 758 5280 nunti
779 5220 935 5300 Vagenses
949 5229 981 5280 ct
995 5219 1132 5300 Sigeum
1201 5217 1376 5278 discrimine
1393 5235 1520 5298 prorsus
1537 5227 1681 5296 pereunt.
1795 5283 1798 5290 ,

357 5327 500 5409 aliiquee
516 5323 682 5386 Pellerinio
698 5324 800 5407 petiti.
841 5325 891 5384 De
912 5323 1132 5384 nonnullorum
1430 5302 1443 5318 ⁵

1579 5553 1583 5563 i
