4922 6300
759 634 962 707 amoma
984 633 1182 706 meones
1205 635 1264 708 nn
1286 637 1509 748 areauna.
1611 741 1614 747 Δ
1662 653 1666 663 ’
1873 649 1943 722 ιιι

319 825 445 914 oleam
492 823 667 911 Utriusque
695 839 811 895 annm.
835 847 930 894 ouras
954 823 1055 912 longo
1081 827 1192 912 spatio
1219 842 1294 913 pout
1318 815 1363 896 se*
1386 805 1517 916 reliquit
1539 828 1619 896 san
1641 826 1864 910 Bounomos,
1893 837 1946 918 qni

320 937 561 1027 emptura
581 957 698 1006 sacru
720 936 867 1024 (Carioni
890 935 1080 1022 1646161.)
1101 937 1186 1008 libro
1208 941 1350 1015 utendo
1372 965 1398 1010 a.
1421 943 1462 1010 de
1483 941 1828 1030 litigatoPlroenieass,¹
1849 966 1946 1031 quae-

318 1075 443 1140 ouuquo
481 1056 537 1120 ia·
556 1051 717 1120 veteribus
751 1051 961 1137 scriptoribus
996 1033 1150 1140 reponet*
1167 1067 1328 1140 potarunt,
1365 1053 1564 1140 appellativa
1591 1069 1626 1122 et
1656 1059 1788 1130 nomina
1817 1061 1946 1144 propria

319 1165 478 1254 [turmulis
498 1163 646 1251 canogio,
677 1165 721 1234 oi
741 1166 886 1234 maiorm
908 1169 1101 1252 scripturum
1122 1168 1298 1254 disposuit,
1318 1180 1368 1245 et,
1391 1189 1453 1253 qna
1470 1181 1539 1232 erat
1561 1169 1725 1234 doetrinae
1745 1173 1946 1258 666161636-

319 1282 428 1368 611666
449 1277 611 1356 sollertia,
637 1275 821 1363 explmumt
864 1279 997 1346 Praetor
1024 1299 1100 1359 eoa,
1132 1283 1188 1366 qni
1217 1282 1258 1346 de
1279 1279 1359 1348 loeis
1382 1278 1616 1370 Ponioie‘apnd
1638 1279 1789 1350 Plantam
1810 1300 1946 1370 egerunt

318 1399 369 1479 (ς.
392 1398 428 1458 11
441 1393 465 1473 l,
487 1392 539 1458 bis
560 1410 662 1476 nopes
685 1394 823 1458 sumsit
841 1391 1070 1471 inuramus,
1092 1396 1146 1479 qui
1160 1393 1450 1460 Miroeilnrreoram
1465 1392 1718 1460 Pboenieiorurs
1731 1393 1816 1460 libro
1833 1399 1945 1482 quinto

317 1507 410 1594 (pag.
428 1505 629 1588 roe-3⁰7)
652 1517 721 1568 tom
744 1502 937 1584 Phoenicia,
962 1525 1044 1590 qnae
1065 1507 1149 1590 apud
1172 1505 1488 1573 Sanolruuiutbunem
1511 1506 1802 1591 ieprmeonnur,
1826 1524 1945 1576 166616.

319 1622 382 1694 vit,
413 1633 479 1683 tum
502 1616 688 1684 nominibus
710 1620 846 1710 propriis
873 1617 1038 1710 bominum
1062 1633 1095 1684 et
1114 1617 1258 1686 looorom
1282 1617 1472 1708 colligendis
1495 1621 1584 1682 etad
1605 1635 1732 1704 etymon
1757 1624 1946 1686 revocandis

319 1733 401 1798 bene
423 1735 557 1810 meruit,
589 1731 674 1815 apud
697 1713 791 1820 quein
812 1728 943 1795 laudata
965 1736 1061 1798 etium
1083 1737 1306 1820 reperiuntur,
1346 1753 1428 1818 quaa
1450 1729 1634 1820 Scaligorue
1659 1729 1815 1811 (Conone
1838 1739 1946 1826 iaago·
2002 1804 2009 1816 ,

319 1847 403 1932 gion,
425 1843 465 1908 ad
488 1843 636 1934 fragmm.
660 1841 855 1910 Graecorum
879 1843 944 1930 al.)
968 1859 1001 1909 et
1021 1844 1187 1931 Mignotna
1213 1845 1405 1930 (dissertae.
1428 1846 1467 1910 de
1485 1844 1716 1924 Phoenicibus,
1741 1846 1944 1912 inolente

320 1957 432 2024 l'aoab.
455 1954 495 2022 T.
518 1953 941 2042 xxxiv-xxxvut)
974 1961 1007 2022 in
1031 1957 1092 2022 hoo
1113 1979 1232 2046 genere
1254 1971 1424 2024 tentarunt.
1468 1957 1534 2041 Qui
1557 1973 1691 2044 utroque
1706 1957 1773 2042 Ι1116
1796 1961 1883 2026 16616
1906 1965 1945 2028 ad

318 2069 450 2158 linguae
472 2067 615 2138 indolem
636 2065 857 2134 illustrandam
882 2073 931 2136 nai
953 2069 1091 2152 fuerint,
1129 2073 1410 2156 paucioresannt,
1449 2069 1536 2138 velut
1561 2071 1596 2135 0.
1623 2071 1664 2135 G.
1693 2071 1889 2157 Tyobreniaa
1910 2077 1942 2142 io
2005 2139 2009 2147 ,

321 2185 589 2248 commentatione
617 2184 656 2246 de
687 2179 818 2269 linquae
840 2181 1035 2248 Phoeniciae
1058 2197 1090 2246 et
1111 2181 1292 2246 Hebraioaa
1314 2198 1423 2247 mutua
1447 2181 1638 2270 aequalitate
1668 2181 1728 2268 (N.
1751 2200 1810 2250 aot.
1834 2183 1945 2272 Upaal.

321 2293 361 2360 Τ.
386 2294 469 2382 Vll)
500 2311 532 2360 et
563 2317 622 2360 noa
650 2298 714 2382 ipai
747 2299 798 2359 in:
835 2291 1084 2382 Beaerbongea
1106 2295 1189 2361 iiber
1210 2296 1265 2360 ulie
1287 2273 1944 2384 6166166616666666166168666616,

321 2414 352 2476 in
376 2409 453 2478 hiet.
475 2409 604 2496 linguae
627 2407 788 2476 hebraeae
810 2431 840 2494 p.
863 2413 926 2474 223
947 2430 1016 2495 tqq.
1039 2411 1079 2494 *).

1085 2543 1111 2660 ς’
1151 2586 1179 2642 2.

428 2715 630 2802 Linguae
660 2713 926 2782 Pboesioine
956 2713 1123 2782 indolet
1156 2725 1196 2782 et
1227 2735 1312 2780 east
1340 2713 1526 2784 bebruea
1554 2711 1839 2786 necersiiudo.

451 2909 481 2968 1.
523 2901 685 2988 Linguam
707 2898 915 2966 Pboonioiam
932 2898 1150 2986 Punicumque
1171 2897 1304 2988 linguae
1324 2899 1496 2968 Hebraeae
1519 2879 1688 2970 admodum
1709 2901 1841 2974 affinem
1865 2929 1947 2992 eura,

321 3018 385 3082 ism
416 3034 460 3081 ex
488 3013 651 3080 veteribus
681 3034 748 3079 non
776 3009 878 3078 renel
904 3011 1120 3078 observarunt
1140 3011 1360 3096 Hieronymus
1386 3027 1419 3079 ot
1439 3014 1657 3100 Augustinus,
1688 3029 1721 3080 ot
1743 3016 1797 3082 bio
1818 3021 1944 3105 quidem

322 3149 514 3215 permagnae
541 3130 575 3194 in
605 3126 668 3192 lrao
696 3145 732 3190 re
754 3130 968 3206 maturitatis,
1006 3131 1122 3215 qnippe
1151 3129 1205 3213 qni
1227 3129 1356 3213 vigente
1378 3125 1485 3191 adhue
1506 3125 1617 3213 lingna
1639 3127 1761 3194 Ponioa
1780 3133 1814 3194 in
1837 3131 1947 3197 Airioa

323 3243 436 3306 nisena
459 3243 511 3321 (ς.
526 3242 565 3322 6)
587 3243 658 3325 ipae
680 3259 716 3303 aa
737 3238 879 3302 Poenum
903 3255 1056 3326 agnorant
1072 3244 1205 3325 (eontra
1227 3237 1345 3304 Julian.
1366 3237 1423 3303 lib.
1447 3245 1467 3304 ³
1490 3241 1608 3324 617).
1651 3237 1699 3306 lta
1720 3246 1753 3305 in
1777 3241 1947 3323 Quaestio-

324 3355 418 3420 uibus
440 3357 474 3418 in
497 3351 625 3418 lodioeu
639 3351 695 3416 lib.
711 3349 778 3414 Vll
795 3374 845 3438 qn.
864 3357 904 3416 16
933 3349 994 3436 (Τ.
1010 3349 1055 3415 111
1078 3375 1108 3438 p.
1126 3353 1256 3418 47761.
1273 3351 1434 3436 Bened.):
1457 3359 1544 3417 iotae
1566 3355 1704 3440 linguae
1726 3353 1893 3438 (Hebraea
1916 3375 1947 3423 ot

325 3447 537 3552 Punioaluen
551 3468 682 3531 maltam
695 3471 785 3530 inter
799 3487 834 3530 re
847 3465 1019 3546 differrant.
1051 3461 1097 3527 ld.
1112 3479 1223 3528 eontra
1235 3461 1357 3529 litteras
1373 3463 1521 3530 Petiliani
1538 3463 1593 3531 lib.
1609 3473 1641 3548 2,
1659 3489 1729 3554 oap.
1749 3473 1810 3533 104
1825 3467 1885 3554 (Τ.
1897 3469 1948 3540 lX

325 3579 497 3666 ool.198):
525 3579 626 3646 Hanc
648 3574 851 3662 (Christum)
870 3577 1023 3644 Hebraei
1044 3577 1157 3644 dieunt
1178 3576 1357 3654 Martium,
1385 3577 1472 3662 qaod
1489 3557 1619 3651 verboru
1640 3580 1779 3664 linguae
1796 3584 1947 3652 Punicae

325 3715 497 3764 annonast
517 3699 589 3772 eri,
615 3697 703 3758 siout
725 3693 796 3760 aliu
811 3692 979 3776 permulta
1000 3698 1042 3754 ei
1060 3711 1199 3775 poene
1219 3695 1366 3754 anaia.
1410 3687 1448 3756 ln
1471 3688 1582 3756 loono.
1602 3705 1692 3756 naut.
1710 3697 1747 3757 15
1769 3691 1832 3776 (Τ.
1851 3693 1908 3773 111,
1925 3694 1945 3759 b

325 3808 387 3875 661.
412 3808 512 3892 ³⁰²l²
552 3813 718 3892 cognatae
745 3811 866 3890 quippe
895 3813 970 3868 runt
1000 3805 1136 3890 lingone
1165 3809 1252 3866 irino
1287 3810 1321 3866 et
1349 3807 1502 3879 amirae,
1538 3801 1716 3880 Hebraeo,
1754 3805 1884 3869 Puns'on
1913 3817 1947 3870 et

327 3919 425 4007 Syru.
467 3918 519 3984 De
549 3917 657 3982 verbis
683 3915 941 3988 Dominiaerm.
965 3923 1024 3994 35,
1068 3915 1124 3980 nbi
1153 3912 1311 4000 explieat,
1348 3915 1424 4000 qnid
1452 3917 1496 3978 uit
1525 3913 1727 3979 Mammona:
1744 3899 1948 3984 'Hebraeum

327 4032 459 4102 uerbum
488 4041 539 4098 eri
567 4039 741 4117 66366166
770 4031 906 4118 linguae
936 4032 1106 4096 Punicae:
1142 4036 1229 4094 iriae
1263 4033 1346 4092 enim
1368 4029 1505 4113 lingone
1527 4027 1789 4116 eignisicoiionir
1811 4033 1948 4122 quadarn

328 4155 504 4216 vicinitate
524 4151 703 4210 rooiautar.
748 4143 790 4208 Et
810 4143 894 4208 libro
916 4141 932 4206 1
951 4143 1164 4208 Locutionnm
1189 4147 1222 4205 in
1246 4139 1328 4205 Gen.
1350 4146 1380 4218 8,
1403 4145 1439 4205 9:
1470 4150 1504 4205 et
1529 4141 1684 4208 extendit
1704 4120 1830 4210 martura
1849 4165 1948 4212 raam.

327 4263 470 4334 haurio
491 4267 541 4326 esi
565 4279 659 4344 quaes
675 4266 858 4342 propterea
873 4256 1061 4324 Hebraeum
1080 4265 1183 4341 pato,
1211 4261 1291 4342 qaia
1315 4262 1348 4320 ei
1361 4255 1511 4320 Ponione
1527 4256 1665 4340 linguae
1677 4253 1950 4335 farsr'liarirriara

329 4385 394 4448 ert.
424 4381 461 4439 in
484 4393 548 4458 qun
569 4373 874 4439 maurianensem
897 4369 1064 4434 Hebraeis
1085 4367 1194 4434 verbio
1212 4373 1439 4432 roaroaortru.
1482 4351 1595 4452 Neque
1616 4365 1709 4432 aliter
1731 4370 1949 4454 Hieronymus

329 4493 363 4552 in
385 4485 507 4554 loram.
528 4489 560 4562 5,
583 4489 641 4549 25:
686 4481 788 4565 Tyros
808 4489 844 4545 ei
867 4478 971 4544 Ssilorr
994 4487 1031 4544 ia
1051 4481 1234 4546 Pboenioea
1255 4481 1369 4544 littore
1385 4485 1557 4564 principer
1578 4485 1733 4548 oioituter
1755 4485 1814 4547 rel.
1862 4481 1949 4558 Qan-

329 4619 399 4665 ratss
423 4596 594 4683 Gurtbogo
616 4597 754 4660 eoloaiu.
810 4593 903 4658 Unde
926 4602 959 4657 et
981 4595 1091 4657 Poeni
1114 4611 1260 4656 sermone
1285 4603 1438 4678 corrupto
1461 4599 1558 4680 quari
1576 4591 1708 4658 Phoeni
1728 4597 1948 4680 appellantur.

333 4711 476 4788 Quarum
503 4711 619 4796 lingna
650 4711 786 4794 linguae
814 4705 993 4770 Hebraeae
1021 4726 1141 4792 anagnu
1170 4725 1215 4770 ex
1241 4715 1340 4791 purte
1370 4705 1510 4785 confinis
1536 4717 1597 4772 eet.
1641 4705 1682 4771 Et
1703 4710 1736 4770 in
1764 4705 1828 4771 Jea.
1850 4703 1907 4771 lib.
1931 4713 1949 4774 3

331 4845 401 4915 oap.
416 4830 453 4890 ⁷:
479 4823 617 4912 Lingua
639 4841 765 4908 quoque
779 4821 926 4896 Punica,
948 4840 1031 4906 qaae
1047 4817 1087 4882 de
1102 4818 1328 4884 Hebraeorum
1345 4817 1498 4895 fontibus
1512 4841 1646 4884 manure
1661 4821 1794 4908 dict'tur,
1810 4827 1951 4909 proprie

332 4943 428 5028 uirgo
457 4937 561 5002 olan
591 4932 777 5022 appellator.
830 4933 870 5020 Et
899 4929 1149 5008 Quaestionibns
1181 4932 1214 4994 in
1245 4930 1325 4994 Gen.
1347 4935 1408 5008 36,
1432 4937 1473 4995 24
1505 4932 1545 4996 da
1572 4953 1650 5024 noae
1679 4949 1764 5004 nuni:
1802 4936 1953 5008 nonnulii

386 5175 414 5243 *l
444 5176 518 5240 Alii,
545 5175 591 5245 qni
621 5175 765 5248 singularia
788 5173 920 5243 quaedam
945 5171 1109 5244 pbilologise
1177 5179 1239 5224 sunt
1264 5172 1311 5226 vul
1332 5169 1520 5224 laudabuntur.
1570 5171 1736 5246 Perexignns
1765 5181 1805 5226 ost
1829 5173 1949 5228 Maera.

334 5273 452 5332 Puniose
468 5272 556 5343 orptto
573 5281 773 5340 meaverunt,
798 5279 828 5324 ut
844 5271 1046 5324 Hellomennus
1065 5269 1108 5337 lp.
1177 5267 1496 5324 1166666616111161166ιιιι
1506 5273 1605 5323 noiomo
1616 5281 1642 5322 es
1656 5272 1951 5338 linguaconiogiaean',

336 5372 385 5439 5),
404 5369 541 5444 bahaliirrg
559 5372 607 5437 (v.
620 5368 724 5436 initui.
737 5368 788 5432 tt)
806 5385 856 5424 mo
873 5370 936 5423 1666
949 5369 996 5423 vel
1012 5367 1110 5420 hortati
1181 5365 1298 5422 landini
1317 5366 1467 5420 Gothorum
1485 5367 1563 5422 1787.
1580 5364 1606 5420 t.

1496 5475 1576 5532 42*
