4922 6300
437 647 556 718 NUMI
578 647 729 718 PUNICI
750 647 971 718 AFRICANI.
1015 649 1054 722 B.
1075 649 1193 718 NIIIlII
1215 650 1402 718 URBIIIM.
1445 650 1573 718 XXIII.
1595 651 1758 724 VACCA.
1845 659 1918 734 321

295 860 398 926 neque
419 841 519 928 epol,
557 839 612 904 aed
644 843 826 905 ueoerrario
848 852 898 904 eut
916 837 1015 926 opti:
1052 839 1305 926 quandoquidem
1329 842 1423 904 tertia
1444 837 1551 904 littera
1573 841 1605 904 in
1630 838 1788 925 exemplis
1816 839 1853 906 F.
1878 839 1918 905 G.

293 951 335 1020 Η.
372 965 406 1016 et
438 957 472 1018 in
505 950 728 1018 Mionnetiann
760 955 944 1017 notissimae
979 949 1076 1016 hebet
1104 951 1230 1016 litterae
1253 951 1315 1016 Jod
1347 950 1485 1038 figurae,
1517 953 1602 1016 unde
1632 967 1780 1037 apparet,
1817 958 1913 1020 etiam

207 1071 212 1078 '
294 1062 431 1152 figuram
469 1061 597 1128 aliunde
633 1085 698 1130 uon
727 1069 888 1151 cognitam
917 1067 952 1128 iu
981 1061 1114 1148 reliquia
1141 1065 1272 1146 (eadem
1302 1067 1459 1150 reperitur
1489 1066 1522 1128 in
1553 1066 1683 1128 incertis
1715 1087 1767 1129 uo.
1798 1066 1917 1132 XXVI

291 1163 352 1244 litt.
386 1175 424 1242 Α,
460 1173 508 1260 Β)
546 1174 615 1242 Jod
652 1197 744 1257 ease,
790 1177 873 1263 quod
910 1179 1013 1262 ipsum
1055 1175 1139 1240 bene
1178 1174 1333 1262 explicari
1370 1189 1485 1261 potest.
1543 1176 1603 1240 Eut
1637 1181 1722 1240 euim
1761 1175 1818 1242 illa
1855 1181 1913 1244 Jod

291 1287 415 1354 litterae
451 1287 557 1376 figura
593 1311 645 1356 no.
676 1295 727 1356 23.
750 1296 792 1354 24
827 1290 920 1375 (pag.
950 1289 1010 1373 31)
1046 1291 1194 1366 Inversa,
1229 1290 1320 1352 uulua
1354 1292 1482 1375 geuerIa
1516 1289 1636 1354 lormaa
1671 1291 1703 1352 in
1735 1286 1914 1358 Numidicis

291 1405 355 1468 iant
391 1400 499 1487 ploret
532 1401 775 1468 obterravaue
813 1403 866 1482 (u.
902 1404 936 1466 io
973 1402 1078 1466 numia
1106 1398 1206 1465 lubae
1238 1399 1271 1464 Il
1301 1421 1374 1486 pag.
1404 1403 1475 1464 317.
1504 1401 1596 1484 318).
1647 1399 1782 1466 Fallitur
1811 1403 1912 1470 Lind·
2027 1423 2031 1448 ¹

293 1513 448 1601 bergine,
497 1517 551 1600 qui
594 1517 728 1580 eandem
762 1511 903 1579 litteram
945 1517 978 1578 in
1016 1510 1207 1577 Cosauraeie
1248 1514 1390 1578 seeundo
1433 1511 1504 1577 loeo
1543 1533 1725 1597 comparare
1765 1513 1915 1582 observat

288 1627 301 1710 (
311 1627 391 1692 mibi
415 1625 479 1690 tale
509 1625 693 1714 exemplum
725 1649 789 1692 nou
818 1629 980 1714 cognitum
1010 1639 1077 1704 eet,
1115 1645 1218 1710 neque
1241 1627 1329 1690 dedit
1349 1624 1604 1710 Lindbergiua):
1637 1625 1665 1688 ei
1688 1645 1764 1690 vero
1787 1649 1912 1714 compa·

291 1752 396 1819 reret,
434 1740 521 1817 idem
545 1733 606 1804 hoe
626 1740 795 1824 probaret,
833 1759 903 1804 eam
925 1739 986 1804 Iod
1009 1759 1099 1816 eme,
1137 1759 1200 1802 non
1224 1737 1332 1802 SohIn.
1375 1738 1546 1801 Praeterea
1568 1735 1688 1800 Bocchi
1711 1759 1826 1804 nomen
1850 1742 1911 1826 (de

291 1855 381 1918 euius
403 1872 481 1916 vero
504 1865 611 1934 etymo
633 1871 663 1916 v.
684 1850 741 1918 lib.
763 1850 824 1932 IV,
847 1855 875 1931 ς.
893 1857 932 1916 18
949 1849 982 1915 h.
1000 1849 1070 1936 m),
1091 1853 1126 1914 in
1148 1871 1211 1936 quo
1233 1870 1285 1928 or,
1308 1871 1347 1914 ιιι
1369 1871 1387 1912 a
1410 1847 1543 1913 Greeoia
1565 1861 1597 1910 et
1618 1849 1745 1914 Latinis
1769 1852 1910 1918 additum

291 1979 350 2044 eet,
373 1967 409 2029 in
430 1967 501 2050 ipae
520 1962 630 2051 lingua
652 1978 684 2029 et
703 1967 860 2052 scriptura
881 1963 1002 2028 Punite
1023 1961 1122 2028 aoribi
1144 1983 1207 2026 oon
1225 1977 1347 2050 poterat
1361 1977 1452 2051 apo:
1479 1945 1647 2046 ipsumque
1661 1979 1718 2046 tp:
1733 1961 1909 2028 Hamakeri

290 2074 451 2164 probabili
473 2091 578 2162 etymo
602 2090 734 2142 careret.
755 2075 794 2126 '-
823 2075 972 2142 Alterum
994 2089 1099 2139 autem
1122 2073 1311 2140 vocabulum
1335 2074 1421 2140 haud
1442 2072 1539 2138 dubie
1554 2071 1725 2161 legendum
1747 2088 1796 2140 eat
1818 2083 1909 2164 *epha

291 2189 375 2275 (uon
399 2189 532 2278 apen),
560 2189 602 2254 cl.
623 2189 665 2254 ad
686 2189 858 2253 eeuundam
879 2187 1018 2254 litteram
1041 2183 1172 2253 Numid.
1194 2195 1226 2267 2,
1250 2195 1278 2252 1.
1308 2193 1372 2266 3,1
1401 2187 1453 2272 (itt
1473 2185 1571 2273 7bn).

417 2341 529 2408 Prodit
550 2345 657 2430 itaque
679 2343 824 2427 integrae
846 2337 1037 2426 epigraphen
1058 2337 1139 2404 haee
1159 2337 1273 2403 lentio:

604 2487 713 2615 epia
745 2485 882 2614 *pei
1178 2491 1287 2566 arna
1322 2490 1502 2566 aereum

290 2678 447 2744 breviaria
467 2675 563 2740 haee:

696 2781 791 2908 spei
1144 2697 1283 2862 *orbis
1308 2751 1508 2886 (Vaccae)

398 2959 407 2976 '
462 2951 601 3028 illustro,
640 2951 802 3018 Nimirum
823 2953 977 3052 'P?¹.¹¹llhl
1000 2974 1071 3020 enee
1092 2954 1217 3020 videtur
1236 2951 1428 3020 vocabulum
1447 2955 1680 3042 Aegyptiarum
1700 2957 1778 3021 satie
1800 2958 1908 3024 tritum

197 3085 202 3103 ·
278 3039 478 3252 &namura
501 3067 619 3154 quodi
655 3063 799 3154 linguam
816 3067 1021 3132 Phoenicium
1037 3079 1196 3152 receptum
1210 3081 1272 3146 eat,
1295 3080 1330 3131 ut
1344 3081 1390 3132 tot
1403 3065 1467 3132 alia
1480 3067 1677 3154 Aegyptiace
1701 3070 1802 3167 (³⁸3,
1822 3070 1905 3164 turp)
1935 3155 1937 3160 Ι

302 3208 323 3250 u
350 3181 496 3286 linguam
560 3179 721 3244 abraeam.
768 3177 866 3244 Aliud
897 3175 970 3244 'eiua
999 3181 1170 3266 vestigium
1201 3181 1233 3244 in
1263 3179 1392 3245 Punicis
1424 3175 1524 3286 hdlpea
1551 3183 1584 3246 in
1613 3180 1721 3246 verbis
1751 3179 1909 3248 Plautinis

638 3313 646 3356 ε
681 3298 727 3356 ιιι·
753 3289 813 3356 bur
843 3290 942 3356 bocca
968 3293 992 3362 i,
1020 3312 1049 3357 e.
1081 3307 1140 3379 opo
1172 3309 1218 3362 'to
1247 3308 1281 3358 m
1317 3299 1389 3380 quit
1408 3293 1644 3380 filinaurbtt,
1680 3315 1722 3358 ex
1745 3315 1806 3378 qua
1828 3295 1907 3360 urbe

291 3664 353 3730 qua
373 3659 489 3706 antuus
511 3629 734 3702 nesteronem
794 3651 822 3714 t,
852 3639 1011 3723 integrum
1032 3647 1100 3700 arat
1122 3639 1210 3724 'nstin
1235 3656 1290 3727 up:
1313 3645 1433 3702 civitat
1446 3635 1619 3713 Herculia,
1650 3648 1760 3720 utpote
1775 3635 1907 3700 Herculi

289 3765 492 3830 oouaeerate,
522 3763 557 3815 ut
577 3747 801 3814 innumerabili
845 3746 910 3813 alia
931 3747 1049 3833 oppida
1072 3747 1211 3828 Puoioa,
1239 3753 1272 3816 id
1289 3752 1373 3838 quod
1396 3749 1525 3836 egregie
1540 3767 1661 3810 eonven
1705 3769 1776 3812 curn
1793 3749 1908 3812 clonae

291 3864 482 3931 emblemate
504 3865 537 3928 iu
559 3865 684 3948 poetica
705 3874 737 3925 et
757 3863 857 3948 ipsius
914 3858 1031 3924 areolis
1054 3865 1173 3946 eapite,
1204 3865 1288 3948 quod
1310 3866 1343 3926 in
1369 3857 1596 3926 nonnullorum
1618 3860 1703 3920 antio
1747 3871 1909 3944 comparet

203 3953 207 3978 ¹
291 3979 476 4066 (Lindberg
495 3999 526 4063 p.
549 3981 590 4042 26
618 3973 657 4040 ol.
679 3971 757 4059 IV).
801 3971 918 4039 Breviu
976 3987 1061 4038 utem
1083 3972 1141 4038 illa
1163 3979 1287 4056 civitae,
1309 3979 1428 4040 otuisao
1451 3975 1564 4061 nobo,
1590 3985 1645 4056 apo
1669 3991 1748 4056 eppe
1797 3969 1909 4049 batur,

292 4093 376 4180 quod
406 4093 533 4178 proprie
560 4088 686 4175 quidem
715 4086 825 4152 urbem
856 4089 940 4174 sigu'
1064 4089 1096 4152 iu
1120 4110 1235 4154 nomen
1260 4090 1422 4175 propriam
1445 4071 1588 4162 abierat,
1618 4096 1653 4146 ut
1678 4082 1773 4146 Cirta
1827 4085 1909 4148 umi-

293 4205 364 4270 diee
400 4205 423 4270 i.
465 4223 494 4268 e.
529 4207 604 4288 ΜΡ
641 4200 735 4279 urba,
782 4201 864 4286 apud
900 4197 1025 4264 Arabes
1101 4208 1151 4286 Ji
1187 4213 1290 4285 'augme
1328 4200 1405 4266 urle
1436 4194 1639 4285 prophetoe,
1677 4193 1775 4280 vulgo
1808 4209 1909 4278 aaran

292 4323 451 4404 Menam,
472 4324 505 4388 iu
529 4319 638 4386 Sauria
665 4327 747 4413 otgit:
772 4337 817 4410 53
844 4315 921 4382 urle
941 4315 1077 4396 Moatr,
1139 4321 1230 4384 artur
1254 4337 1298 4413 'tp
1320 4317 1436 4404 (urba)
1459 4313 1556 4381 Nutu.
1572 4321 1624 4394 21,
1645 4315 1695 4379 tn.
1718 4312 1814 4378 Deut.
1831 4319 1862 4392 2,
1878 4318 1909 4390 9,
2040 4331 2044 4350 ·

293 4451 386 4524 atque
416 4447 577 4526 renuente·
608 4433 641 4498 ld
676 4452 779 4518 genua
806 4428 870 4494 alia
907 4450 938 4491 v.
966 4451 994 4493 o.
1035 4429 1148 4520 Qolom
1182 4413 1420 4519 'Agra'pm'nm
1465 4428 1596 4494 brevius
1635 4427 1788 4504 Colonia,
1824 4424 1908 4487 uode

296 4549 395 4628 cota,
422 4545 557 4614 Keulen
576 4549 613 4632 ⁸).
656 4539 931 4610 Pronuneiabatur
953 4539 1034 4607 illud
1062 4547 1190 4628 proprie
1222 4568 1314 4644 'acu
1343 4548 1419 4638 (ιριτ
1447 4543 1487 4608 ef.
1511 4559 1570 4628 ΨΟ,
1600 4541 1703 4606 Lxx
1726 4541 1820 4612 zea,
1849 4539 1909 4628 'ili

293 4659 440 4750 xanta),
476 4663 549 4726 dela
579 4661 684 4736 Voce,
720 4657 826 4759 Vacca
855 4652 918 4736 (el.
948 4651 1028 4718 illud
1051 4653 1234 4722 Plautinum
1302 4659 1400 4742 cea),
1440 4669 1472 4720 et
1504 4653 1653 4718 elittera
1681 4673 1723 4716 ex
1754 4645 1941 4762 peculiari:

291 4776 430 4862 quodam
438 4773 590 4838 Afrorum
605 4773 756 4837 idiomate
771 4767 811 4851 ‘*)
828 4767 972 4851 mitigata
993 4766 1098 4852 Vaga,
1115 4765 1205 4851 Btiyo
1223 4761 1295 4852 (ara
1351 4773 1460 4854 aqu),
1473 4767 1556 4854 quod
1570 4783 1747 4852 quanquam
1762 4763 1909 4845 elipeum
1933 4806 1938 4871 3

292 4897 457 4982 antiquum
478 4907 512 4956 et
530 4893 704 4978 genuinum
726 4899 793 4964 eat,
815 4899 921 4950 tamen
944 4883 1026 4969 apud
1043 4881 1231 4968 Sallustium
1255 4889 1351 4973 optim
1392 4909 1444 4951 um
1470 4886 1614 4950 codicum
1637 4885 1832 4966 scripturae,
1857 4880 1909 4962 qui
1932 4880 1940 4988 i

346 5163 369 5230 ‘l
388 5165 460 5220 Vide
478 5179 547 5232 quae
568 5169 660 5215 eontra
678 5157 858 5212 Idemalterttm
872 5149 1065 5220 disputavimus
1135 5155 1277 5224 llodieque
1300 5155 1389 5210 Mauri
1416 5173 1453 5230 ὁ
1480 5127 1564 5206 el'u5
1590 5152 1617 5206 ia
1639 5149 1728 5202 multia
1752 5147 1865 5202 roeibue
1891 5163 1908 5218 g

293 5263 326 5316 ln
341 5260 492 5316 exeroilull·
511 5259 646 5330 polteogh
663 5259 761 5326 p·102·
785 5255 843 5308 103·
1134 5261 1313 5329 pronunciare
1328 5269 1354 5313 et
1369 5260 1452 5312 tribur
1467 5255 1571 5326 punetia
1584 5253 1701 5308 teribare
1714 5253 1821 5316 uolent,
1844 5267 1873 5304 r.
1889 5265 1913 5302 o.

349 5371 399 5443 ⁸>
424 5373 467 5430 Cf·
486 5375 595 5442 Toou.
616 5373 726 5445 Danau
751 5356 837 5422 filu
855 5367 989 5432 Malana·
1006 5360 1064 5416 ¹62·
1134 5338 1252 5432 ὁῑὲιιι
1274 5339 1331 5431 it?
1354 5337 1489 5433 getan

1492 5473 1529 5531 41
