4924 6304
487 653 559 726 172
610 643 742 713 LIBER
757 638 1001 708 SECUNDUS.
1033 635 1371 704 tn'scntruton'as
1386 633 1669 738 unoaalcmn.
1692 631 1840 700 CAPUT
1863 629 2087 716 QUINTUM.

493 839 634 925 origines
663 839 695 900 in
725 832 872 918 Aegypto
902 827 1100 916 quaerendas
1128 848 1218 905 esse,
1248 841 1341 913 atque
1370 828 1529 912 supremis
1556 823 1697 910 Aegypti
1723 821 1910 887 numinibus
1937 823 2112 888 Ascendet

492 951 640 1018 Ner'tdrre
669 947 864 1033 respondere
891 947 934 1026 *),
967 961 1101 1027 quorum
1130 939 1305 1028 religiones
1334 941 1446 1004 eodem
1474 940 1570 1004 rnudo
1602 941 1685 1002 inter
1714 957 1750 1000 se
1780 937 1982 1012 consociatae
2010 947 2110 998 eraut.

492 1065 597 1150 Atque
612 1061 753 1147 prolecto
768 1079 831 1122 nou
849 1057 979 1120 nomina
994 1067 1116 1118 tanturn
1130 1051 1266 1117 mirifica
1281 1057 1470 1132 concinunt,
1493 1055 1544 1116 cui
1557 1053 1605 1116 rei
1621 1049 1683 1115 soli
1700 1071 1763 1114 non
1780 1045 1915 1113 multum
1932 1047 2110 1126 tribuerim,

493 1180 550 1242 sed
578 1177 662 1262 quod
689 1169 790 1237 multo
817 1171 946 1257 gravius
976 1181 1026 1232 est
1055 1169 1153 1230 etiam
1176 1166 1401 1231 attributorum
1426 1181 1458 1230 et
1478 1167 1575 1230 totins
1598 1178 1730 1228 naturae
1752 1165 1834 1225 mira
1858 1176 1907 1225 est
1922 1158 2111 1224 similitudo.

492 1287 643 1374 Namque,
674 1287 798 1363 Amor,
837 1281 964 1369 plenius
994 1280 1184 1344 Amor-tte
1214 1279 1466 1365 Aegyptiorum,
1506 1277 1707 1364 cogitabatur
1742 1275 1852 1360 opifex
1889 1271 2113 1358 (δημιουργός)

491 1403 600 1466 muudi
631 1415 663 1462 et
692 1397 797 1474 Solis,
834 1393 943 1459 Solern
971 1404 1233 1478 repraesentans,
1272 1392 1494 1486 communibus
1524 1413 1595 1456 cnm
1618 1387 1738 1454 Neitba
1759 1390 1860 1453 sacris
1883 1385 2005 1462 cultus3
2036 1407 2114 1452 oves

493 1529 525 1578 et
556 1516 673 1577 arietes
702 1513 734 1573 ei
763 1511 846 1573 sacri
873 1521 905 1570 ct
935 1508 968 1570 iu
998 1503 1126 1590 templis
1155 1503 1312 1570 Thebano
1342 1519 1373 1570 et
1402 1506 1523 1569 Saitica
1542 1506 1652 1568 nutriti
1674 1501 1811 1586 (Strabo
1834 1499 1936 1566 xvll
1958 1523 1988 1586 p.
2005 1503 2110 1581 559);

492 1629 635 1692 sacraria
670 1622 823 1688 obeliscis
857 1618 1052 1684 circumdata
1080 1619 1131 1702 *‘).
1183 1616 1296 1704 Neque
1325 1617 1418 1682 aliter
1453 1635 1517 1703 pun
1553 1621 1615 1687 bc:
1653 1613 1740 1680 Solis
1770 1629 1839 1678 erat
1867 1615 1965 1693 deus,
1999 1610 2113 1676 fertili-

492 1743 567 1804 tatis
599 1740 790 1821 omnigenae
820 1734 928 1810 dator‚
965 1753 1029 1796 uua
1050 1753 1121 1794 cnm
1143 1751 1203 1798 nan
1225 1729 1421 1806 celebratum
1451 1751 1528 1796 ores
1556 1733 1590 1794 in
1621 1731 1836 1794 monumentis
1858 1730 1928 1792 eius
1951 1728 2112 1812 depictam

495 1853 581 1937 cippi
603 1847 754 1914 obeliscis
791 1844 912 1912 similes
946 1848 979 1908 in
1019 1847 1089 1908 eius
1112 1841 1268 1908 honorem
1308 1847 1474 1908 exstructi.
1520 1843 1642 1908 Pariter
1669 1841 1815 1919 Natho,
1849 1843 1949 1904 tutius
1981 1851 2113 1902 naturae

495 1965 697 2050 generatrix,
740 1957 826 2024 Solis
864 1979 979 2044 parens
1016 1969 1049 2020 et
1084 1957 1192 2042 opifex
1226 1957 1335 2020 mundi
1366 1959 1439 2042 m)‚
1476 1959 1589 2044 regina
1623 1957 1774 2032 deorum,
1810 1975 1939 2038 praeses
1976 1949 2053 2016 belli
2080 1963 2113 2013 et

493 2073 629 2142 militum
653 2073 711 2158 †),
749 2075 803 2136 cui
829 2070 940 2134 leones
968 2072 1069 2148 sacri,
1106 2083 1276 2154 propterea
1304 2091 1399 2157 saepe
1429 2073 1516 2162 picta
1545 2071 1655 2162 capite.
1677 2067 1808 2132 leonino
1837 2064 1952 2153 gladiis
1983 2079 2016 2129 et
2036 2085 2113 2128 arcu

493 2189 618 2254 munita
646 2185 713 2270 ††)
744 2185 777 2248 in
804 2181 952 2270 plurimis
984 2183 1134 2248 convenit
1165 2203 1236 2246 cum
1265 2203 1326 2250 nun
1358 2205 1383 2246 s.
1413 2185 1472 2248 dea
1501 2181 1660 2261 Caelesti,
1697 2201 1792 2268 quam
1824 2173 1980 2266 Reginam
2010 2175 2112 2256 Coeli,

494 2304 630 2387 primam
653 2297 823 2376 coelitum,
854 2295 1061 2383 appellatam,
1091 2307 1262 2373 armatam,
1292 2293 1440 2362 leonibus
1463 2297 1653 2360 insidentem
1676 2295 1803 2380 depingi
1819 2295 1956 2358 vidimus
1970 2295 2013 2378 (p.
2028 2289 2112 2374 tou).

494 2413 547 2480 De
569 2415 699 2478 nomine
714 2431 774 2478 nnn
796 2409 916 2474 Taxilla
933 2405 1143 2495 probabiliter
1164 2429 1206 2472 ex
1222 2411 1408 2495 aegyptiaco
1427 2408 1597 2474 tu-Ner‘llr
1613 2408 1786 2494 repetendo
1801 2409 1864 2470 iam
1879 2427 1976 2491 supra
1993 2407 2111 2470 dictum

495 2541 545 2592 est
566 2547 637 2612 pag.
653 2531 723 2590 117.
739 2529 818 2602 tto,
841 2520 989 2587 similiter
1002 2535 1109 2586 autern
1126 2521 1166 2585 de
1179 2519 1349 2606 phoenicio
1365 2541 1428 2605 pan
1451 2522 1561 2608 (hebr.
1578 2521 1752 2588 secundum
1769 2535 1886 2606 puncta
1901 2516 2113 2583 masoretbien

496 2655 576 2734 perr,
605 2637 647 2725 pl.
665 2653 762 2732 ornum
784 2636 858 2700 uide
874 2633 975 2700 Tbes.
997 2631 1078 2720 ling.
1100 2631 1190 2697 hebr.
1213 2631 1253 2700 T.
1268 2633 1294 2698 1.
1317 2657 1346 2719 p.
1361 2635 1443 2720 490)
1465 2637 1560 2700 statui
1582 2649 1704 2720 potest,
1733 2635 1816 2722 quod
1837 2647 1963 2716 etymon
1984 2631 2113 2718 quidem

494 2754 633 2817 admittit
655 2773 718 2817 noo
742 2754 883 2836 ineptum
906 2745 1070 2834 exlingua
1085 2745 1225 2811 hebraea
1239 2749 1426 2832 petendum,
1449 2751 1507 2814 sed
1525 2747 1734 2814 nibilominus
1752 2749 1887 2834 originis
1908 2747 2113 2830 aegyptiacae

494 2887 567 2930 esse
584 2877 687 2950 potest
702 2863 742 2928 ab
759 2865 867 2928 Aaron
889 2862 1008 2946 (surr,
1033 2869 1107 2952 ιἰιιις
1121 2856 1187 2924 Jer.
1202 2865 1263 2938 46,
1277 2865 1328 2938 at,
1350 2860 1545 2948 ςιἈμμων,
1563 2861 1719 2946 Ἀμμοῦν)
1737 2862 1884 2938 ductum,
1912 2859 1995 2944 apud
2009 2855 2113 2921 Phoe-

494 2980 596 3056 nices,
619 2976 745 3041 Poenus
766 2989 798 3038 et
819 2972 988 3038 Hebraeos
1011 2993 1087 3036 reru
1107 2973 1153 3034 ita
1172 2972 1425 3055 conformatum,
1448 2990 1482 3038 ut
1497 2975 1703 3040 domesticam
1724 2975 1880 3060 originem
1897 2970 2057 3049 redoleat,
2079 2971 2112 3033 id

494 3091 579 3178 quod
595 3090 628 3152 in
650 3089 813 3154 sexcentis
834 3085 967 3150 vocibus
988 3085 1182 3170 aegyptiacis
1205 3085 1323 3151 lactum
1345 3109 1417 3152 esse
1436 3101 1560 3153 constat
1583 3088 1642 3172 (cl.
1667 3092 1763 3182 Qu,
1785 3097 1913 3183 nistre-g,
1939 3085 2014 3170 un).
2058 3083 2111 3147 Ex

493 3200 752 3268 Masoretlrarunr
775 3200 962 3262 auctoritate
984 3213 1079 3267 ornan
1102 3199 1135 3260 in
1159 3195 1201 3261 V.
1218 3196 1258 3264 Τ.
1279 3203 1531 3284 pronunciantur
1553 3218 1667 3296 aarum,
1686 3215 1719 3266 et
1733 3201 1844 3266 eodem
1859 3200 1955 3264 modo
1969 3195 2112 3285 plerique

494 3313 700 3402 phoenicium
717 3327 777 3392 pun
797 3311 1051 3396 pronunciatum
1072 3323 1150 3403 pren:
1182 3323 1323 3376 attamen
1346 3335 1409 3377 non
1433 3335 1623 3400 repugnem,
1653 3317 1683 3378 si
1703 3315 1773 3400 quia
1786 3326 1893 3400 spreta
1906 3309 2111 3376 illaanctori·

495 3441 561 3492 tato
599 3447 670 3490 cum
704 3422 922 3508 Lindbergio,
962 3421 1086 3486 Lancia
1123 3431 1182 3508 plur]
1210 3426 1423 3508 pronunciare
1459 3423 1555 3506 velit,
1592 3427 1676 3512 quod
1704 3427 1790 3490 idem
1819 3439 1948 3510 etymon
1975 3423 2112 3488 admittit

495 3541 681 3625 nominique
702 3537 849 3623 aegyptio
872 3531 1009 3599 similius
1031 3547 1090 3598 eat.

624 3697 682 3752 *rra
700 3677 772 3764 us)
795 3677 817 3740 l.
832 3697 859 3739 e.
875 3677 1080 3764 'spinalensi
1096 3697 1226 3760 covent,
1249 3677 1289 3744 de
1306 3699 1369 3764 qua
1381 3675 1542 3745 locutione
1558 3681 1630 3745 ride
1643 3680 1684 3745 ad
1699 3677 1803 3748 Melit.
1817 3677 1901 3746 llin.
1919 3685 1948 3760 1,
1961 3701 2035 3767 pag.
2050 3683 2101 3746 97.

498 3973 644 4024 cabirorum
662 3977 690 4022 et
710 3972 877 4020 Patoeccrum
897 3963 996 4033 (modo
1013 3965 1041 4020 lri
1059 3965 1161 4022 diversi
1178 3967 1272 4034 runt),
1394 3965 1449 4034 ’11)
1476 3969 1508 4022 la
1534 3969 1625 4040 templi
1649 3969 1741 4025 Saitici
1759 3969 1934 4038 inscriptione
1951 3971 2019 4024 haec
2036 3976 2112 4024 erum

499 4069 611 4120 Vulcani
635 4067 682 4131 (v.
704 4077 801 4116 numos
823 4063 963 4135 Malagae)
981 4064 1015 4116 al.
1051 4061 1133 4118 Solus
1153 4067 1274 4118 Herculis
1341 4065 1434 4120 ultima
1443 4065 1541 4120 verbe:
1555 4060 1589 4120 ἓν
1600 4062 1653 4138 r'yri
1668 4063 1777 4136 κριῶν
1787 4067 1889 4134 leesor,
1907 4062 1982 4135 ἥλιος
1993 4062 2111 4136 s'ylrrrc.

495 4159 639 4220 Phocaicii
663 4160 795 4246 (n'lpbb
815 4158 973 4214 Melicertes
991 4159 1078 4212 cultus
1094 4159 1274 4220 Phoenicibus
1340 4163 1453 4218 Proclua
1472 4164 1506 4216 atl
1521 4161 1591 4218 Plat.

496 4263 621 4336 proprius
639 4271 666 4316 et
683 4261 847 4316 domesticus
865 4261 1062 4330 succidetur,
1084 4279 1173 4332 neque
1192 4263 1274 4317 babet

1395 4328 1429 4394 †>
1448 4329 1551 4382 Herod.
1571 4324 1612 4395 11,
1632 4325 1691 4384 tot.
1711 4325 1771 4380 tut.
1806 4327 1837 4378 lu
1854 4324 2013 4398 imaginibus
2030 4341 2111 4394 saepe

497 4362 572 4432 quod
584 4359 610 4414 ei
622 4359 782 4428 respoudeat
796 4357 825 4412 ia
838 4355 980 4430 Aegyptos
1001 4375 1061 4412 uam
1074 4358 1155 4412 etiam
1167 4364 1272 4413 Astarte

1339 4422 1420 4478 ttettu
1433 4425 1470 4478 ita
1485 4433 1709 4494 repraesentatur,
1726 4431 1756 4475 nt
1770 4421 1881 4476 militem
1893 4421 2021 4478 iuvenem
2033 4423 2113 4478 mau-

496 4459 613 4512 forlmc
627 4457 720 4510 eadem
736 4463 816 4524 atque
829 4457 913 4508 Arbor
927 4453 1139 4526 Aegyptiorum,
1157 4455 1202 4509 cui
1213 4471 1270 4510 nou

496 4555 602 4621 obstat,
622 4555 695 4622 quod
711 4552 779 4606 illud
790 4565 891 4606 nomen
907 4559 1019 4620 etymon
1031 4550 1060 4605 iu
1072 4550 1171 4623 linguis
1188 4552 1270 4606 remi·
1337 4529 1466 4592 limma
1494 4539 1523 4577 V·
1545 4527 1607 4576 ΗΜ
1625 4525 1685 4574 illm
1699 4521 1741 4572 αἱ*
1757 4522 1871 4586 Μ”ἕ
1889 4523 1935 4572 der
1953 4523 2111 4590 ‘llllfflffl

1339 4620 1479 4672 Gottbriterr
1500 4619 1611 4690 (Berlin
1633 4613 1717 4684 1821)
1741 4633 1769 4685 p.
1783 4619 1837 4686 13,
1861 4623 1976 4686 atquae
1997 4617 2036 4671 ibi
2052 4619 2112 4672 lau·

495 4651 557 4706 ticir
574 4650 642 4718 (vel
659 4657 733 4703 certe
753 4647 876 4717 persica)
894 4648 985 4701 babet.

1338 4715 1444 4769 dautur.

549 4749 577 4832 *l
600 4764 664 4842 11111
689 4764 762 4818 idern
779 4778 840 4816 essa
857 4777 957 4814 numen
976 4765 1057 4828 atque
1074 4757 1271 4832 Aegyptiorum

416 4921 419 4926 ,
495 4873 641 4922 Ammonem
672 4852 769 4941 (llml
785 4865 843 4919 der.
856 4859 965 4930 dmi)
984 4867 1091 4932 praeiet·
1107 4860 1175 4916 aliua
1192 4863 1271 4918 dixe·
1390 4869 1446 4939 ἦ)
1466 4875 1523 4939 „ln
1544 4873 1593 4924 dea
1615 4871 1716 4928 Ruina
1739 4885 1788 4921 uon
1812 4867 1995 4934 Apollirropclir
2018 4885 2112 4934 magra

493 4975 558 5024 ruat
585 4969 750 5033 tsrdtergtrr
779 4974 807 5020 et
835 4967 947 5019 amatu
970 4966 999 5018 ll.
1029 4981 1089 5030 cu.;
1116 4966 1178 5016 mn
1209 4983 1270 5022 etse
1337 4969 1458 5022 errcbeiat
1480 4970 1506 5018 irr
1531 4971 1610 5020 circem
1635 4965 1757 5032 Arsmge
1779 4961 1938 5028 bewuffrreter
1964 4966 2051 5018 Gdtter
2068 4969 2112 5020 die

495 5065 771 5120 metamaucensis
783 5059 938 5116 mulacrum
950 5069 990 5116 eal
1000 5060 1267 5130 (videaturunus).
1338 5067 1423 5120 Garri·
1440 5066 1484 5114 mit
1501 5065 1547 5116 der
1564 5063 1741 5117 towmmcrte
1754 5057 1886 5126 sinsmal,
1906 5061 1967 5112 bold
1985 5065 2028 5113 mit
2046 5065 2110 5115 aucei

547 5155 591 5226 ⁸³)
614 5157 658 5214 Cl.
679 5157 821 5214 Jabloaski
838 5157 980 5216 Pantheon
1000 5169 1107 5232 aegypt.
1127 5161 1138 5214 l
1159 5177 1186 5230 p.
1207 5163 1267 5216 157.
1337 5163 1508 5228 sciurram,
1540 5163 1600 5212 told
1624 5164 1669 5212 mr't
1685 5161 1740 5212 dem
1759 5163 1847 5224 Bagra
1867 5157 1999 5224 lmrffnet
2020 5157 2110 5226 (M.

496 5255 685 5325 cbampolliun
708 5252 851 5312 Pantheon
873 5257 908 5310 de
933 5255 1066 5330 l'Egypte
1094 5271 1132 5312 uo
1172 5261 1185 5310 1
1208 5275 1268 5329 sqq.
1335 5257 1378 5315 Pl.
1395 5257 1440 5325 63,
1458 5253 1543 5332 agn
1568 5257 1608 5314 Pl.
1622 5255 1665 5313 61.
1686 5255 1741 5313 tab.
1758 5256 1785 5324 t,
1803 5250 1942 5328 ligdil.“
1975 5253 2035 5310 Hirr
2048 5255 2066 5308 l.
2082 5271 2108 5309 c.

495 5361 581 5416 Ther.
601 5358 669 5432 ung.
690 5357 768 5413 hebr·
790 5375 820 5416 r.
841 5349 930 5435 llbtss·
1335 5369 1396 5428 pag.
1415 5353 1458 5408 ut.
