4924 6304
486 601 559 676 166
608 593 741 661 LlBEll
755 589 1001 659 SECUNDUS.
1032 581 1367 654 ruscutr'rrottss
1382 525 1664 648 emolumenta.
1695 579 1842 646 CAPUT
1857 577 2081 657 QUlN'l'Ulll.
2159 639 2164 648 .

485 809 549 854 nou
571 786 686 871 possim
716 782 954 848 distinctionem
975 776 1059 838 inter
1079 771 1203 838 Lamud
1217 786 1250 837 et
1260 768 1336 836 Nun
1349 773 1492 856 ineptam
1508 792 1580 837 esse
1594 771 1607 854 (
1613 771 1719 854 sici),
1744 781 1873 853 atquae
1886 768 1956 832 eius
1973 769 2103 854 pneris

484 897 576 986 plura
612 915 676 960 nou
708 897 779 958 sine
806 887 953 979 gravio're
981 883 1147 952 stomacho
1176 897 1378 950 evomuntur.
1428 883 1464 948 Si
1494 905 1641 950 sermone
1670 882 1710 946 ab
1738 882 1839 946 animi
1866 877 2104 964 perturbatione

484 1009 588 1076 libero
616 1007 820 1072 Hamalserus
853 1005 893 1068 de
922 1003 1124 1066 coniecturae
1146 1019 1238 1063 meae
1260 999 1413 1062 inanitate
1434 995 1612 1075 retulisset,
1643 995 1866 1062 credidissem:
1899 995 2104 1078 impotentius

485 1123 659 1207 disputanti
680 1139 743 1182 uou
766 1117 905 1194 credidi,
931 1127 1042 1178 contra
1055 1109 1199 1176 adbibita
1213 1105 1399 1174 felicissima
1414 1107 1631 1186 Quatremsrii
1647 1111 1831 1174 coniectura
1841 1108 1875 1170 iu
1891 1107 2104 1192 disputatione

484 1235 524 1300 dn
546 1232 700 1318 religione
723 1229 1025 1316 Carthaginensium
1047 1222 1327 1308 (Eucyclopaedie
1348 1221 1434 1288 XXI
1456 1245 1486 1308 p.
1500 1223 1561 1306 97)
1584 1243 1669 1288 anuo
1693 1226 1775 1288 1830
1797 1221 1884 1286 edita
1902 1233 1936 1284 et
1952 1221 1985 1284 in
2002 1215 2103 1284 Thes.

483 1344 559 1431 ling.
580 1343 670 1409 hebr.
695 1349 798 1430 p.490
820 1363 949 1408 causam
970 1339 1060 1406 illam
1081 1335 1228 1404 recolens
1249 1333 1387 1420 lapidem
1410 1342 1544 1401 tertiasse
1567 1337 1613 1400 ita
1635 1335 1776 1400 restitui:

1139 1453 1172 1521 br
1196 1449 1282 1517 uiui
1307 1450 1411 1533 ruauh

1177 1563 1311 1652 uqrunh
1334 1565 1411 1646 rhus

1158 1695 1192 1744 ιι
1215 1693 1266 1742 uu
1289 1691 1353 1760 qnu
1377 1677 1419 1745 bs

1209 1805 1411 1862 munusue

1078 1901 1234 1987 *subu-rus
1261 1917 1299 1984 ra
1323 1916 1416 1972 nourr

485 2038 617 2103 eamque
638 2015 808 2080 lectionem
829 2010 934 2096 lapide
956 2010 1137 2078 Hauuieusi
1161 2037 1181 2078 a
1202 2011 1316 2078 Falbio
1338 2015 1424 2078 edito
1446 2013 1499 2098 (ι.
1522 2032 1576 2076 no.
1595 2012 1674 2095 50),
1708 2013 1764 2098 qui
1784 2009 1874 2076 feriis
1895 2005 2103 2076 l’ascbalibus

485 2133 561 2196 anui
585 2131 664 2193 1835
689 2128 728 2190 ad
749 2145 801 2188 rua
823 2129 985 2208 pervenit,
1009 2126 1053 2188 ita
1074 2123 1197 2230 firmaxri
1218 2129 1377 2211 comperi,
1400 2141 1435 2190 nt
1454 2127 1493 2190 de
1515 2123 1657 2209 lapidum
1677 2125 1943 2211 Lugdunensium
1963 2120 2103 2188 lectione

485 2264 549 2306 nou
575 2237 709 2325 amplius
739 2235 930 2303 dubitarem.
975 2235 1121 2302 'l'nndem
1153 2239 1243 2323 ipsos
1272 2238 1394 2324 lapides
1418 2241 1576 2323 inspicere
1597 2253 1630 2301 et
1650 2240 1836 2302 examinare
1858 2235 1938 2301 rnibi
1959 2235 2102 2320 contigit,

485 2375 580 2440 quum
609 2355 643 2416 iu
672 2354 788 2414 itinere
817 2347 957 2434 Anglico
988 2353 1120 2430 (meuse
1142 2349 1228 2436 Sept.
1253 2357 1354 2436 1835)
1381 2351 1534 2437 Lugduni
1555 2371 1787 2428 commorarer,
1817 2364 1849 2414 et
1869 2369 1983 2413 resera
2004 2343 2103 2412 oculis

486 2468 566 2530 rucis
589 2467 644 2528 vix
664 2461 852 2540 credebam,
887 2483 985 2546 quum
1005 2463 1038 2526 iu
1061 2460 1224 2549 lapidibus
1244 2465 1324 2549 ipsis
1350 2485 1451 2550 paena
1474 2465 1600 2542 omnia,
1639 2485 1720 2548 quae
1745 2461 1949 2528 llamalrerns
1971 2459 2018 2524 ibi
2039 2457 2105 2544 legi

485 2575 718 2642 stomachosius
741 2587 873 2661 negarat
895 2587 927 2637 et
948 2587 1156 2661 pernegarat,
1178 2597 1334 2662 expressa
1350 2577 1511 2654 viderem,
1535 2575 1730 2662 testibusque
1744 2575 1908 2640 advocatis
1926 2585 2104 2639 monstrare

485 2710 628 2776 possem,
657 2691 786 2774 iusuper
807 2684 871 2750 alia
893 2688 1049 2772 quaedam
1071 2687 1376 2767 animadverterem,
1408 2691 1441 2752 iu
1464 2711 1546 2775 quae
1568 2686 1638 2754 sola
1659 2691 1782 2774 ingenii
1804 2689 1989 2752 coniectura
2010 2703 2104 2748 nemo

485 2821 626 2886 unquam
648 2802 824 2876 incidisset,
849 2819 984 2884 quorum
998 2803 1203 2886 praecipuum
1219 2802 1372 2876 hocerat,
1394 2803 1478 2887 qnod
1493 2823 1552 2888 pro
1566 2804 1634 2872 uhu
1650 2799 1820 2865 mauilesto
1835 2799 1883 2864 ihi
1895 2797 2011 2884 legitur
2025 2815 2104 2876 usu,

485 2917 530 2978 ita
545 2927 580 2976 ut
598 2929 725 2998 praeter
740 2913 834 2976 deum
851 2913 911 2978 abu
927 2915 1023 2976 etiam
1038 2914 1099 2976 dea
1110 2915 1177 2996 ιιξιιι
1195 2903 1418 2976 commenticia
1441 2929 1534 2978 esset.
1576 2911 1831 3000 Diligentissima
1846 2915 1947 2998 igitur
1961 2907 2105 2996 singulas

484 3025 626 3102 litteras,
663 3026 803 3087 maxime
830 3025 970 3086 incertas
1001 3022 1163 3110 talesque,
1197 3026 1237 3088 de
1264 3025 1378 3110 quibus
1408 3028 1491 3090 iuter
1520 3047 1579 3090 noa
1607 3039 1760 3090 certatum
1791 3039 1876 3104 erat,
1912 3021 2046 3088 candela
2064 3021 2104 3088 ab

486 3151 618 3220 utroque
638 3133 738 3198 latere
759 3137 887 3200 admota
908 3137 1051 3222 inspexi,
1084 3158 1156 3200 cum
1178 3137 1373 3224 apographis
1396 3137 1639 3204 llnmbcrtinuis
1660 3141 1781 3203 maiore
1802 3152 1835 3201 et
1855 3137 1978 3201 ruiuore
1999 3135 2104 3222 (quod

486 3249 613 3334 quidem
637 3249 797 3332 posterius
819 3245 918 3310 multo
940 3249 1046 3310 minus
1068 3263 1214 3312 accurate
1237 3250 1355 3314 factum
1372 3250 1577 3316 Hamalrorus
1591 3255 1675 3314 iuter
1692 3249 1894 3314 scribendum
1908 3264 1982 3312 aute
1995 3246 2104 3312 oculos

487 3361 637 3425 babuisse
660 3347 804 3440 videtur)
833 3355 971 3434 contuli,
1008 3359 1207 3444 singulisque
1235 3360 1351 3424 litteris
1382 3367 1504 3426 circino
1532 3367 1651 3426 mensis
1683 3360 1858 3448 apographi
1879 3359 2104 3424 Humbertiaui

486 3475 617 3538 maioris
647 3467 830 3554 exemplum
860 3471 904 3532 ita
932 3471 1118 3550 emendavi,
1158 3486 1193 3536 ut
1222 3474 1382 3557 spondere
1405 3477 1542 3558 possim,
1573 3497 1632 3551 en,
1671 3477 1806 3560 quaein
1830 3471 2012 3558 apographo
2035 3493 2106 3537 meo

486 3585 579 3666 dedi,
616 3583 657 3648 ab
687 3582 836 3646 omnibus
867 3581 1035 3667 probatum
1061 3584 1118 3660 iri,
1156 3587 1334 3670 quicunque
1357 3588 1389 3650 in
1413 3599 1574 3670 posterum
1597 3585 1657 3650 bos
1679 3583 1803 3672 lapides
1825 3588 1913 3649 sauia
1935 3601 1967 3649 et
1987 3589 2105 3672 apertis

485 3695 586 3762 oculis
623 3697 836 3760 examinatori
873 3707 958 3758 sunt.
1014 3692 1060 3760 Ut
1091 3717 1218 3798 erroreq
1246 3699 1396 3763 editionis
1426 3698 1679 3762 Humbertianae
1709 3713 1741 3762 et
1772 3697 2031 3762 llamakerianae
2065 3700 2104 3764 ad

486 3814 590 3896 capita
619 3809 774 3895 quaedam
803 3821 952 3871 revocata
974 3809 1191 3894 corrigamus,
1225 3805 1361 3876 lectores
1383 3811 1463 3876 haec
1487 3811 1555 3874 lere
1577 3825 1723 3876 teneant:
1758 3881 1761 3888 ,

615 3923 647 4005 1)
674 3919 800 3984 litterae
841 3919 969 3984 Lossed
1000 3933 1032 3984 et
1069 3919 1148 3984 Nun
1179 3923 1212 3984 in
1248 3923 1398 3988 omuibus
1436 3923 1486 3988 his
1516 3921 1677 4007 lapidibus
1711 3927 1757 3988 ita
1785 3925 2038 4008 distinguuntur,
2074 3939 2107 3988 ut

487 4031 745 4118 Palaeographus
766 4029 905 4118 lapidem
927 4035 1100 4120 inspiciens
1124 4035 1163 4098 do
1185 4033 1383 4120 singularum
1405 4049 1559 4122 potestate
1581 4035 1725 4100 dubitare
1749 4057 1812 4100 nou
1829 4016 1942 4120 possit}
1980 4035 2108 4102 Lussed

485 4233 535 4286 est
572 4137 620 4357 ζ
644 4264 654 4296 ,
682 4215 761 4282 Nun
794 4133 830 4372 ᾖ
866 4217 919 4284 vel
956 4154 1049 4344 Ἴ,
1087 4239 1161 4283 raro
1184 4143 1224 4378 5
1259 4222 1411 4308 (utroque
1434 4241 1529 4306 scapo
1557 4221 1756 4309 aequabili),
1793 4222 1866 4285 vide
1895 4242 1969 4308 prae
1991 4223 2108 4284 ueteris

485 4411 539 4456 uo.
562 4395 581 4454 3
602 4387 660 4452 lin.
684 4393 712 4450 2.
762 4383 854 4462 Quae
877 4385 1004 4473 quidem
1026 4387 1186 4452 distinctio
1209 4411 1305 4475 quum
1334 4390 1375 4455 ab
1397 4391 1578 4457 Humberto
1599 4397 1739 4458 maxime
1762 4395 1796 4456 iu
1819 4393 1943 4456 minore
1974 4411 2108 4477 apogra-

484 4504 548 4590 pho
562 4522 658 4585 saepe
673 4497 818 4585 neglecta
833 4513 935 4578 esset,
959 4499 1018 4563 bae
1041 4499 1238 4586 negligentia
1258 4503 1405 4568 effectum
1422 4519 1481 4583 ast,
1505 4518 1540 4567 ut
1555 4503 1759 4570 Hamalrerus
1775 4503 1897 4569 nullum
1913 4503 1981 4568 fere
1995 4505 2107 4568 discri-

485 4637 559 4682 men
581 4617 665 4678 iuter
686 4625 852 4697 utramque
873 4609 1013 4676 litteram
1028 4613 1226 4678 intercedere
1244 4614 1307 4680 sibi
1321 4619 1529 4700 persuaderet
1551 4617 1612 4700 (ul.
1629 4639 1700 4704 pag.
1716 4619 1797 4699 34),
1817 4615 1971 4702 pluraque
1999 4618 2106 4702 magni

340 4785 344 4792 .
486 4730 639 4794 momenti
668 4722 824 4788 vocabula
855 4746 912 4809 pro
938 4722 1045 4789 lubitu
1074 4739 1106 4788 et
1134 4747 1193 4812 pro
1222 4731 1438 4812 praeiudicata
1465 4753 1524 4796 sna
1552 4733 1702 4814 opinione
1730 4729 1862 4816 legeret.
1907 4727 1943 4792 lu
1969 4727 2021 4792 hls
2042 4749 2106 4792 nou

484 4838 590 4906 solum
611 4852 662 4902 est
682 4855 765 4920 qun,
801 4840 892 4902 cuius
927 4836 1039 4902 ultima
1066 4835 1173 4904 littera
1200 4843 1235 4906 in
1262 4839 1314 4906 his
1345 4856 1379 4908 nt
1407 4845 1441 4908 iu
1464 4842 1536 4908 aliis
1558 4839 1665 4908 multis
1686 4840 1848 4927 lapidibus
1867 4839 1985 4924 ubique
2007 4843 2111 4904 maui-

485 4952 602 5016 festum
624 4964 673 5016 est
695 4949 793 5028 Nau,
826 4952 1002 5016 sedetiam
1025 4951 1614 5020 utubisobviumiuscr.llllin·1
1647 4969 1680 5018 et
1700 4957 1800 5020 inam.
1820 4951 1854 5018 ll
1875 4951 1988 5030 limi,
2017 4953 2109 5018 cuius

486 5063 593 5130 media
612 5061 720 5128 littera
743 5083 807 5128 nou
830 5077 936 5149 potest
958 5087 1021 5128 nnn
1044 5087 1116 5130 esse
1138 5063 1233 5144 Nun,
1255 5089 1334 5153 quse
1357 5067 1452 5134 lectio
1473 5070 1568 5132 etiam
1585 5069 1620 5132 in
1632 5065 1738 5151 lapide
1750 5065 1942 5130 Atheniensi
1957 5067 2061 5150 primo
2077 5080 2110 5130 et

487 5175 595 5244 Carth.
610 5181 628 5242 5
645 5174 714 5242 sole
729 5175 847 5242 clarior
858 5191 916 5242 est.
958 5177 996 5242 ln
1018 5181 1117 5244 inser.
1129 5176 1177 5242 111
1191 5177 1247 5244 lin.
1263 5187 1291 5244 1.
1309 5202 1422 5267 scapus
1434 5159 1559 5244 litterae
1575 5175 1650 5243 Nun
1666 5179 1824 5264 usquead
1841 5177 1968 5244 eulmen
1983 5176 2109 5244 litterae

484 5289 571 5358 lleth
594 5287 702 5354 lineae
724 5291 884 5356 secundae
909 5290 1091 5370 descendit,
1116 5294 1200 5376 quod
1215 5291 1311 5378 plane
1324 5291 1504 5380 neglectum
1518 5307 1567 5358 est
1583 5293 1616 5356 iu
1631 5289 1867 5360 Humbertiaua
1881 5289 2107 5358 delineatione.
