5004 6306
503 615 580 692 218
633 609 767 680 LIBER
781 608 1029 681 SECUNDUS.
1059 609 1398 680 lNSCRlPTIONES
1414 608 1696 678 anot-:utente
1727 609 1875 680 CAPUT
1887 611 2093 682 sexuum,
2128 617 2142 634 '

636 819 681 874 :ra
706 819 796 892 apen
821 801 903 884 bas)
925 799 1128 870 Vocabulum
1151 818 1243 888 apen
1268 821 1325 886 pro
1341 801 1452 888 apin,
1477 801 1593 887 nepita
1610 801 1722 866 eodem
1738 802 1835 868 modo
1849 800 2136 890 scriptomlegitnr

507 919 540 980 in
558 919 663 980 numis
680 917 776 1002 Sigae
792 914 871 1000 (lib.
885 911 946 993 lv,
961 935 1013 978 no.
1029 915 1099 996 nt).
1144 913 1319 1001 Vulgaresn
1336 917 1406 980 eius
1418 913 1714 1000 pronuntiationbm
1729 911 1845 980 docent
1859 918 1991 980 nomina
2004 918 2136 1002 propria
2178 967 2184 974 .

510 1029 726 1094 Berusoccrns
748 1031 860 1114 (apsa
885 1033 954 1108 Ιπι)
983 1039 1015 1090 et
1035 1025 1167 1092 Boolnr
1188 1049 1246 1114 pro
1269 1027 1411 1092 Machor
1432 1028 1587 1115 (apro),
1621 1027 1709 1110 (vid.
1732 1025 1790 1092 lib.
1805 1025 1856 1092 lv
1875 1034 1980 1114 osp.³
2001 1027 2135 1098 sabbis

509 1163 615 1217 voco.;
653 1139 829 1227 paullulum
859 1153 984 1205 mutata·
1007 1139 1111 1204 lornra
1142 1140 1226 1204 idem
1248 1161 1365 1205 uusnen
1388 1139 1539 1225 Μάκηρις
1560 1137 1749 1226 appellatur.
1796 1141 1931 1206 Pansen.
1955 1139 2053 1206 l'lroo.
2079 1145 2134 1207 tr:

260 1257 266 1265 '
389 1345 393 1356 θ
510 1251 631 1338 ἦγίμων
659 1255 693 1318 δὲ
720 1264 786 1330 τοῖς
813 1253 954 1335 Λίβυσιν
984 1251 1040 1337 (in
1062 1254 1178 1317 itinere
1200 1251 1356 1337 Sardioo)
1388 1245 1426 1336 ἦν
1448 1252 1589 1338 Σάρδος,
1625 1247 1870 1335 emortuum,
1887 1250 2082 1338 Ἡρακλέους
2102 1252 2137 1318 dd

511 1365 782 1449 ἐπονομασθέντος
809 1361 870 1431 ὑπὸ
898 1366 1138 1450 Alyvnrr'orv‘se
1167 1365 1217 1428 καὶ
1238 1363 1383 1445 Λιβύων.
1428 1382 1473 1437 ππ
1497 1363 1548 1428 vel
1570 1363 1718 1429 absolute
1741 1369 1880 1451 positum
1901 1381 1968 1444 est,
1999 1363 2050 1428 vel
2070 1363 2136 1452 legi
2180 1415 2190 1450 ,

511 1482 613 1565 possit
641 1497 684 1566 sp
713 1501 770 1564 pro
801 1494 866 1565 rap.
917 1478 982 1544 Sed
1012 1477 1100 1564 prius
1128 1491 1285 1568 praestat;
1322 1492 1430 1543 aruant
1459 1479 1545 1542 enirn
1576 1477 1677 1542 Poeni
1712 1478 1870 1542 eiusmodi
1902 1479 2032 1543 nornine
2065 1481 2136 1544 siue

513 1591 648 1658 articulo
672 1607 704 1656 et
725 1593 855 1659 suffixis
878 1614 1019 1680 ponere,
1051 1589 1092 1656 ol.
1115 1605 1191 1678 part,
1215 1607 1285 1660 nrt
1310 1587 1463 1678 Cartbag.
1487 1597 1517 1658 1.
1540 1595 1568 1656 3.

642 1809 749 1894 salpi
773 1807 838 1892 tn)
860 1805 911 1870 De
933 1805 1037 1890 prima
1056 1801 1164 1867 littera
1186 1805 1240 1868 diu
1265 1801 1424 1868 dubitavi:
1454 1805 1584 1888 tandem
1606 1802 1678 1870 aliis
1696 1801 1804 1869 multis
1820 1801 1978 1890 exemplis
1993 1805 2135 1884 edoctus,

466 1941 473 1950 ·
513 1915 637 1984 litteras
658 1921 810 1984 rotundas
833 1942 852 1982 a
867 1919 1030 1984 statuariis
1047 1917 1152 1982 minus
1167 1917 1310 1982 dexteris
1325 1916 1500 2004 insculptos
1518 1915 1740 1982 huiuscemodi
1755 1915 1921 2002 pediculos
1937 1915 2136 1982 auriculasse

513 2029 633 2096 babere
664 2029 738 2095 stilo
766 2053 808 2096 ex
837 2029 950 2096 sorobo
979 2027 1087 2114 elapso
1117 2043 1224 2108 ortas,
1254 2027 1422 2108 intellexi,
1455 2051 1560 2100 non-r
1590 2051 1775 2109 comesse,
1814 2030 1928 2094 nedum
1953 2050 1995 2110 π,
2025 2032 2081 2096 sed
2102 2051 2134 2095 r.

513 2141 600 2208 Vide
621 2141 712 2208 lin.3
736 2141 793 2208 litt.
812 2149 826 2206 1
853 2157 885 2206 et
906 2163 980 2228 pag.
993 2145 1046 2204 40.
1092 2141 1262 2206 Praeterea
1284 2141 1382 2208 dubie
1400 2163 1471 2206 esse
1489 2143 1591 2230 possit
1611 2139 1707 2208 huius
1721 2141 1880 2207 formulae
1894 2139 2005 2208 ultima
2018 2140 2136 2222 littera,
2206 2209 2218 2220 ,

516 2279 611 2346 quam
626 2257 680 2320 diu
696 2253 757 2322 Jod
772 2277 843 2320 esse
857 2255 963 2341 putavi
981 2251 1099 2336 (namt
1117 2252 1264 2340 precibus
1277 2255 1387 2338 meis),
1406 2255 1560 2320 suadente
1576 2258 1716 2321 maxime
1731 2269 1894 2320 contextu.
1923 2253 1987 2321 Sed
2003 2257 2138 2342 vestigia

416 2455 418 2459 ι
517 2367 613 2460 inuias
626 2367 752 2433 litterae
768 2370 815 2432 ita
830 2379 1013 2452 comparata
1028 2379 1119 2443 sunt,
1143 2380 1178 2430 ut
1194 2369 1248 2430 vix
1263 2364 1345 2432 alins
1361 2387 1432 2432 esse
1447 2370 1570 2454 possint
1586 2389 1679 2453 quam
1693 2365 1792 2434 Mem.
1834 2369 2021 2460 Lege-ndum
2041 2369 2138 2456 igitur

516 2485 564 2548 ita
583 2495 618 2546 ut
639 2481 796 2560 lecimus,
828 2480 912 2566 quod
935 2501 999 2544 non
1026 2479 1131 2544 minus
1152 2475 1270 2542 bonam
1293 2482 1483 2544 sententiam
1514 2477 1623 2546 efficit
1670 2495 1716 2567 pr
1740 2479 1826 2568 (pr,
1848 2481 1915 2574 vg)
1937 2482 2067 2546 consule
2089 2495 2138 2546 est

519 2597 610 2682 Sing.
637 2595 818 2682 imperativi
847 2592 897 2657 bis
924 2593 959 2656 in
984 2588 1028 2655 V.
1051 2587 1091 2655 'li
1123 2590 1210 2656 obvii
1233 2603 1294 2686 stig
1321 2589 1391 2656 lud.
1414 2597 1467 2674 10,
1489 2597 1540 2658 30.
1568 2591 1635 2658 les.
1658 2599 1690 2674 8,
1715 2575 1773 2674 10,
1810 2597 1916 2684 onbpb
1940 2611 1985 2680 pr
2008 2595 2139 2660 consule

514 2707 670 2795 precibus
700 2727 809 2771 coruos
840 2727 866 2770 s.
897 2704 943 2769 nd
965 2726 1084 2791 preces
1112 2725 1239 2782 eornm,
1277 2703 1427 2788 precibus
1459 2727 1569 2770 eorum
1598 2705 1787 2786 obsecutus,
1827 2709 1909 2793 quod
1938 2707 1979 2771 ad
2007 2705 2141 2770 oracula

518 2822 633 2886 referri
661 2832 784 2904 potest,
822 2839 904 2904 quae
927 2839 947 2880 a
969 2820 1099 2880 numine
1121 2829 1316 2901 expetuntur
1338 2816 1400 2897 (of.
1424 2815 1515 2882 hebr.
1538 2835 1600 2911 pag
1623 2819 1663 2882 de
1686 2821 1814 2883 monitis
1835 2820 1970 2898 divinis,
2000 2815 2140 2883 oraculis

519 2931 617 2997 Num.
634 2937 752 3009 24,14.
774 2929 840 2994 les.
856 2937 909 3008 41,
925 2935 985 3008 28,
1017 2939 1048 2990 et
1070 2928 1158 2993 areb.
1182 2933 1255 3018 lae,
1276 2929 1390 2992 eodem
1405 2927 1627 3016 significatu):
1646 2953 1743 3018 quom
1759 2951 1854 2996 curae
1871 2946 1903 2996 et
1916 2933 2139 3016 providentiae

520 3049 715 3136 significatio
737 3045 927 3129 (consulere
950 3045 1067 3133 alicui)
1087 3050 1119 3112 ln
1144 3045 1301 3110 vocabulo
1324 3061 1384 3132 pat
1404 3067 1466 3111 nott
1482 3049 1641 3112 immerito
1657 3047 1841 3114 addubitata
1855 3051 1897 3114 nit
1917 3055 1969 3134 (v.
1986 3047 2140 3115 Bottolrer

520 3165 561 3228 ad
583 3159 634 3226 Ps.
653 3165 703 3240 16,
718 3165 758 3238 7,
780 3161 813 3222 in
837 3143 948 3246 Speoo.
972 3162 1103 3246 interpr.
1125 3158 1167 3222 V.
1191 3157 1232 3222 Τ.
1257 3180 1286 3243 p.
1311 3157 1384 3244 50).
1429 3157 1532 3224 Tituli
1556 3163 1777 3247 igiturauotor
1791 3159 1852 3227 bac
1866 3161 2005 3227 formula
2020 3183 2138 3228 numen

519 3272 671 3360 implorat
694 3293 756 3336 uon
781 3274 866 3350 suis,
898 3273 955 3338 sed
978 3275 1094 3336 civium
1117 3274 1322 3358 omniumque
1340 3269 1497 3338 cultorum
1511 3273 1637 3352 verbis,
1660 3276 1743 3362 quod
1760 3277 1868 3340 tritnm
1882 3275 1915 3340 in
1932 3275 2077 3343 Psalmis.
2099 3317 2138 3328 -

521 3385 610 3450 Olim
631 3383 777 3471 legebam
800 3405 858 3470 pro
882 3397 929 3470 pr
948 3423 985 3434 -
1001 3401 1072 3470 pn,
1098 3387 1194 3470 idque
1217 3407 1274 3470 pro
1289 3401 1362 3456 rttsn
1382 3394 1551 3473 propitius
1569 3393 1614 3451 rs't
1636 3388 1755 3453 diotnm
1771 3388 1939 3474 putabam:
1961 3391 2018 3454 sed
2035 3387 2139 3475 figura

519 3497 645 3562 litterato
668 3495 731 3560 boo
752 3517 814 3561 non
837 3497 985 3562 sdmittit.

649 3728 697 3777 st*
715 3710 747 3778 'tt
768 3731 826 3780 nrm
847 3711 931 3795 nbc)
955 3727 1004 3803 »ῃ
1027 3706 1055 3776 '9
1068 3729 1132 3796 ngr]
1149 3715 1228 3804 spico„-
1272 3711 1338 3778 Diu
1353 3711 1443 3778 baesl
1459 3713 1492 3776 iu
1509 3712 1633 3778 duabus
1649 3715 1758 3799 primis
1773 3712 1868 3778 buius
1885 3713 2043 3780 formulae
2055 3713 2138 3781 litte-

520 3830 582 3892 ris:
605 3847 690 3890 nuuc
705 3823 783 3888 mibi
801 3839 888 3888 certa
903 3825 1028 3888 videtur
1042 3845 1151 3908 perum
1167 3835 1316 3908 potestas.
1350 3823 1387 3888 lu
1404 3825 1533 3890 Lusscd
1549 3847 1643 3890 nemo
1659 3824 1753 3894 lacile
1770 3827 1928 3891 oil'endet:
1948 3830 1988 3892 ed
2004 3825 2140 3896 Sassccd

520 3939 584 4002 hoo
604 3938 700 4002 rnodo
722 3937 938 4022 imperfectius
960 3938 1077 4021 pictum
1106 3935 1146 4001 of.
1171 3935 1279 4001 Carth.
1301 3942 1375 4014 9,t
1409 3953 1441 4001 et
1468 3935 1587 4004 Athen.
1612 3946 1649 4018 1,
1672 3949 1702 4003 1.
1748 3941 1812 4008 nlo
1835 3954 1940 4005 autem
1962 3945 2139 4026 pronuncio

521 4055 606 4145 spine,
643 4063 678 4114 ut
705 4051 746 4114 sit
774 4049 915 4112 secunda
944 4069 1081 4133 persona
1105 4063 1205 4133 praet.
1235 4071 1255 4112 s
1284 4051 1346 4120 blo
1374 4048 1407 4113 b.
1434 4047 1453 4114 l.
1482 4052 1692 4136 praecedento
1719 4054 1909 4137 imperativo
1939 4056 1974 4118 in
2004 4055 2139 4120 eandem

520 4165 711 4228 sententiam
734 4162 922 4245 accipienda
944 4181 1001 4244 pro
1017 4162 1195 4246 complana.
1240 4161 1281 4226 Et
1297 4160 1428 4226 verbum
1444 4157 1570 4248 quidem
1586 4165 1648 4232 bio
1663 4163 1760 4251 vulgo
1775 4165 1992 4250 complanare,
2014 4175 2141 4235 nostre

523 4282 629 4354 oium,
656 4289 721 4365 ἢ),
744 4274 838 4336 modo
861 4273 968 4336 addito
992 4274 1086 4338 modo
1108 4275 1227 4338 omisso
1250 4273 1324 4358 (Ps.
1346 4277 1398 4352 68,
1416 4275 1473 4359 5),
1502 4275 1534 4340 b.
1555 4273 1577 4341 l.
1601 4279 1642 4342 ad
1665 4279 1749 4342 vitae
1771 4280 1855 4342 viarn
1878 4279 1982 4366 (nup)
2004 4281 2142 4347 relertnr

521 4401 555 4452 et
575 4384 661 4449 valet
683 4383 751 4448 vel:
776 4384 979 4471 complanare
1001 4387 1099 4450 vitam
1120 4383 1270 4450 fluctibns
1291 4381 1439 4451 iactetarn
1462 4401 1495 4452 et
1517 4391 1607 4474 quasi
1623 4387 1836 4476 procellosum
1860 4391 2139 4476 (et.tes.³t,13:

521 4505 613 4585 'ii'ili
636 4519 681 4564 ec.
704 4502 781 4592 adp?
806 4498 1048 4584 complanandam
1070 4519 1119 4562 sse
1138 4499 1161 4562 i.
1184 4519 1212 4562 e.
1235 4501 1377 4564 animum
1399 4497 1566 4568 doloribus
1585 4507 1739 4590 agitatum
1761 4483 2021 4590 compescebam,
2051 4505 2139 4573 arab.

521 4614 640 4708 „sslu
669 4648 754 4699 terre
784 4632 895 4720 plena,
932 4647 965 4698 et
992 4611 1112 4722 ...ἰὼ
1135 4646 1211 4726 ,μ’
1240 4637 1367 4700 enimus
1395 4634 1633 4722 complanatus,
1665 4641 1790 4725 quietus
1820 4637 1895 4703 Cor.
1918 4646 1976 4718 89,
1999 4645 2061 4720 27)
2090 4639 2141 4708 vol

521 4757 608 4822 idem
629 4771 679 4820 est
702 4753 785 4839 quod
808 4755 841 4816 in
866 4752 907 4818 V.
931 4751 989 4818 Tu
1020 4749 1050 4818 ‘e
1073 4766 1136 4846 :pp-p
1161 4760 1228 4841 {roi}
1252 4763 1376 4818 reclass
1387 4755 1513 4836 facere
1534 4763 1621 4822 ninus
1642 4753 1778 4822 alicuius
1807 4761 1830 4822 i.
1852 4778 1881 4820 e.
1903 4757 2010 4822 facore
2032 4775 2142 4828 utres

522 4865 658 4932 alicuius
686 4866 770 4931 bena
798 4865 913 4930 cedant
941 4865 1059 4946 (l’rov.
1078 4871 1115 4944 3,
1139 4872 1169 4932 6.
1200 4873 1258 4946 11,
1284 4867 1345 4950 6),
1382 4889 1572 4954 prosperare
1599 4891 1653 4934 res
1682 4843 1837 4948 alieuius,
1873 4871 2048 4954 propitium
2069 4894 2142 4940 esse

521 4978 617 5044 rebus
638 4977 792 5052 alicuius,
822 4979 905 5063 quod
928 4977 1054 5066 quidem
1077 4983 1236 5063 posterius
1252 4969 1498 5066 praeferendum
1513 4980 1648 5046 videtur.
1698 4982 1726 5049 's
1746 5003 1805 5067 pro
1828 4993 1914 5066 ‘pta’
1934 4989 2013 5048 satis
2029 5001 2140 5052 notum

485 5122 488 5126 ·
520 5094 612 5176 (pag.
633 5093 708 5173 54);
737 5109 785 5157 rar
802 5089 919 5169 fessus
941 5087 1105 5175 eleganter
1128 5092 1244 5156 dieitur
1266 5093 1306 5157 da
1329 5115 1407 5160 sene
1428 5107 1500 5179 post
1521 5094 1619 5158 mam
1642 5091 1803 5160 turbidam
1825 5093 2071 5182 languescente,
2099 5099 2140 5164 ol.

518 5205 624 5269 iessns
645 5206 740 5268 annis
761 5200 857 5266 orit.
880 5201 960 5268 Met.
985 5207 1017 5281 9,
1039 5207 1121 5284 430,
1150 5201 1254 5270 lessam
1274 5219 1378 5272 aetate
1402 5203 1497 5293 Visg.
1512 5203 1594 5272 aaa
1611 5213 1641 5288 2,
1655 5211 1735 5288 506,
1764 5207 1851 5274 lesse
1872 5219 1961 5275 aetas
1984 5207 2064 5280 Tac.
2088 5219 2139 5292 14,

519 5321 580 5396 33,
614 5315 754 5402 lassique
776 5327 924 5380 senectus
948 5313 1046 5401 longa
1067 5317 1166 5402 patris
1186 5315 1266 5382 Stat.
1288 5317 1358 5384 silv.
1381 5325 1412 5398 3,
1437 5325 1486 5386 ts.
1830 5318 1840 5342 ¹
