4978 6296
709 634 770 702 DE
792 631 1002 702 LITTERIS
1026 629 1279 701 tnoautcns
1299 633 1360 702 ΕΤ
1383 632 1630 706 NUhllDlClS.
1669 699 1676 718 ,
1941 645 1986 720 15

357 819 535 886 doctrinam
549 819 869 908 comprehendemus,
890 829 1009 910 quarto
1029 823 1070 887 de
1083 827 1260 908 scripturae
1278 845 1397 911 genere
1413 833 1797 912 atenaco-aegyptiaco
1813 829 1985 910 separatim

359 953 499 1016 agemus.

486 1045 590 1110 Erunt
610 1045 765 1126 fortasse,
797 1049 851 1134 qui
872 1045 1018 1133 singulas
1040 1061 1320 1113 monumentorum
1348 1053 1490 1136 species,
1520 1049 1620 1114 velrrti
1643 1073 1757 1116 numos
1779 1051 1985 1132 Phoenicius,

360 1152 635 1242 Cilica-puniens,
657 1173 861 1224 monumenta
874 1156 995 1237 Sicula,
1019 1157 1149 1244 Cypria,
1172 1165 1344 1246 separatim
1361 1139 1550 1228 ‘tractandas
1570 1165 1766 1240 existiment,
1790 1161 1984 1250 haberetque

360 1270 456 1334 etiarn
473 1267 547 1334 talis
562 1271 766 1351 vicenario,
789 1293 851 1358 quc
863 1293 899 1336 se
914 1274 1164 1339 commendaret.
1202 1271 1310 1350 Quum
1328 1295 1404 1341 vero
1416 1277 1592 1360 scripturae
1610 1273 1775 1340 character
1787 1278 1820 1338 in
1837 1276 1991 1341 omniura

360 1379 412 1447 lais
433 1381 650 1480 mourrruabtian
668 1385 702 1447 in
730 1386 916 1450 universum
942 1384 1028 1450 idem
1059 1388 1119 1464 sit,
1148 1409 1212 1452 non
1242 1390 1275 1452 in
1304 1385 1405 1452 multa
1432 1389 1537 1472 capita
1566 1387 1753 1451 dissecando
1783 1386 1985 1466 videbantur,

360 1515 443 1590 quae
464 1515 529 1559 uuo
551 1493 716 1560 nodorum
738 1495 850 1560 obtutu
874 1494 989 1562 melius
1011 1502 1284 1586 perspicerentur3
1307 1498 1387 1585 illud
1409 1487 1533 1576 eutem,
1557 1500 1640 1585 quod
1662 1497 1808 1585 singulae
1831 1501 1986 1586 quaedam

360 1611 485 1694 species
506 1607 650 1694 adeoque
669 1606 800 1696 singula
822 1609 977 1696 quaedam
1003 1627 1209 1678 monumenta
1231 1611 1332 1701 (velut
1352 1611 1541 1698 Tuggcusc)
1564 1613 1627 1678 sibi
1649 1615 1808 1699 proprium
1831 1610 1989 1678 haberent

332 1731 394 1784 'et
415 1717 594 1806 peculiare,
630 1734 697 1786 turn
726 1723 759 1786 in
789 1725 1017 1790 eonrrneutario
1038 1738 1105 1788 tum
1128 1725 1188 1792 sub
1210 1724 1346 1813 singulis
1376 1723 1493 1793 litteris
1519 1726 1719 1794 tractandum
1751 1737 1818 1792 tum
1848 1726 1986 1811 denique

246 1853 250 1858 ’
357 1831 576 1920 peculiaribus
595 1831 773 1900 litterarum
797 1833 915 1902 tabulis
935 1837 1237 1922 repraesentandum
1260 1840 1448 1924 putarimus.

846 2305 1097 2376 CAPUT
1141 2305 1501 2374 TERTIUM.

548 2477 626 2552 na
657 2475 935 2554 strumus
967 2476 1319 2554 ruouurcrrs
1354 2477 1428 2552 ar
1462 2435 1799 2555 numr'nrcrs.

1127 2669 1155 2745 ι.
1189 2669 1219 2730 a.

382 2798 570 2863 Aliorum
597 2803 781 2862 virorum
803 2777 1016 2880 doctorum
1037 2799 1268 2886 alphabeto
1288 2809 1566 2865 recensentur
1588 2810 1629 2866 et
1650 2806 1961 2866 examinantur.

483 2937 661 3026 Antequam
676 2940 717 3004 ad
733 2939 839 3004 varias
854 2939 1052 3026 singularum
1066 2938 1244 3006 litterarum
1267 2937 1389 3027 figuras
1411 2937 1616 3008 illustrandas
1639 2961 1810 3028 earumque
1832 2953 1982 3026 tanquam
2050 3013 2052 3018 .

359 3063 494 3118 stemma
521 3053 775 3116 concinnandum
800 3054 999 3132 accedimus,
1027 3056 1270 3140 praecipuorum
1299 3051 1541 3140 alphabetorum
1571 3051 1811 3138 phoeniciorum
1841 3052 1881 3117 ab
1912 3051 1985 3118 aliis
2126 3093 2127 3098 κ

359 3165 559 3230 conditorum
588 3184 755 3227 censuram
777 3185 892 3250 agere,
921 3179 953 3229 et
975 3163 1128 3231 nonnulla
1156 3166 1196 3229 de
1227 3168 1336 3228 nativa
1363 3163 1477 3228 barum
1500 3164 1677 3230 litterarum
1700 3165 1802 3231 forma
1825 3169 1986 3253 variisque

359 3277 430 3340 eiua
452 3273 680 3339 mutationibus
701 3275 734 3337 in
758 3278 944 3343 universum
966 3277 1138 3342 observare
1160 3273 1275 3362 placet.

489 3384 596 3463 Quum
620 3383 813 3471 „alphabeta
835 3385 1031 3472 phoenicia“
1053 3403 1127 3452 ante
1152 3386 1415 3474 Barthelemyum
1435 3389 1531 3468 edita,
1554 3403 1708 3475 utsupra
1731 3389 1849 3455 dictum
1875 3391 1914 3475 (ξ.
1938 3392 1983 3474 2),

359 3525 394 3567 re
413 3524 490 3568 vera
512 3499 682 3587 phoenicia
704 3519 768 3562 non
791 3500 875 3576 sint,
900 3501 1003 3583 prima
1023 3521 1136 3584 reapse
1160 3499 1236 3565 talia
1257 3515 1332 3565 sunt

486 3611 670 3699 Alpbabeta
692 3609 918 3696 Barthelemys'
937 3632 978 3674 ex
1000 3610 1213 3676 marmoribus
1234 3611 1398 3677 Melitenai
1423 3615 1487 3696 (no.
1510 3614 1561 3696 i),
1595 3635 1637 3678 ex
1661 3610 1824 3678 nonnullis
1847 3609 1986 3696 Cypriis,

359 3743 454 3795 etex
478 3727 583 3792 onmis
606 3724 788 3789 Phoeniciis
811 3738 844 3787 et
866 3721 983 3788 Siculis
1012 3737 1104 3809 capta
1133 3725 1166 3787 iu
1189 3723 1368 3792 Mimoirer
1391 3725 1432 3790 de
1453 3727 1650 3791 decedente
1674 3723 1713 3790 T.
1729 3725 1846 3789 XXX.
1868 3746 1898 3808 p.
1918 3727 1980 3788 405

360 3841 415 3928 (Τ.
439 3837 528 3906 thl.
551 3851 622 3923 post
645 3859 676 3921 p.
699 3837 753 3921 58)
775 3841 855 3914 426,
889 3847 921 3900 at
947 3839 981 3900 in
1014 3841 1111 3920 epist.
1140 3835 1185 3900 ad
1209 3835 1341 3900 March.
1369 3837 1524 3918 (iliodori,
1555 3859 1637 3924 quae
1659 3839 1786 3922 repetiit
1808 3832 1983 3900 Eclrheliua

359 3961 393 4024 in
416 3944 527 4022 Dect.
547 3947 677 4015 Numm.
692 3963 754 4014 ιιι,
769 3945 829 4027 lll,
852 3970 882 4034 p.
896 3953 977 4028 404;
999 3951 1078 4015 satis
1102 3945 1262 4014 laudanda
1284 3945 1341 4016 illa
1355 3971 1413 4035 pro
1428 3947 1515 4016 illius
1531 3952 1681 4037 temporis
1697 3951 1834 4029 ratione,
1858 3962 1890 4012 et
1903 3945 1984 4011 nihil

358 4067 433 4137 teht
469 4061 682 4140 dominantia,
716 4063 778 4126 nisi
815 4061 899 4148 quud
936 4061 996 4144 sub
1033 4060 1086 4126 He
1123 4075 1307 4149 comparent
1342 4065 1454 4150 signa,
1492 4085 1572 4150 quae
1600 4061 1668 4128 ¹lod
1705 4075 1738 4126 et
1775 4061 1874 4126 Sabin
1912 4075 1986 4128 suut

360 4180 474 4311 (av,
501 4179 614 4308 (ἡ),
636 4195 697 4262 ιιι
719 4193 808 4261 wau
830 4173 890 4292 3,
913 4197 996 4283 quor
1017 4197 1070 4263 aa
1092 4211 1152 4265 m.

486 4341 634 4410 swintun
661 4337 769 4429 plures
793 4345 910 4407 struxit
931 4343 1108 4410 litterarum
1132 4343 1257 4410 tabulas
1281 4365 1321 4409 ex
1344 4341 1480 4430 singulis
1503 4347 1719 4410 monumentis
1744 4359 1777 4410 et
1798 4363 1986 4409 monumen·

359 4475 463 4526 terum
478 4455 661 4544 generibus,
678 4475 719 4518 ex
734 4455 947 4522 marmoribus
962 4453 1187 4523 Melitensibus
1204 4462 1236 4522 in
1252 4457 1377 4523 Portos.
1396 4457 1629 4523 transactum
1651 4455 1721 4523 Vol.
1734 4455 1825 4538 LIV,
1850 4455 1914 4520 tab.
1932 4461 1983 4534 12,

357 4595 399 4639 ex
414 4567 623 4646 Citiensibus,
647 4569 753 4632 numia
767 4565 951 4632 Phoeniciis
967 4583 998 4632 et
1013 4569 1131 4636 Siculis
1153 4569 1231 4636 ibid.
1248 4569 1313 4634 tab.
1328 4578 1381 4650 24,
1406 4569 1610 4657 alphabetum
1626 4569 1746 4658 Cyprio
1756 4569 1987 4634 -Phoenicium

357 4687 422 4755 tab.
441 4689 502 4764 25,
532 4685 654 4747 maiore
676 4683 772 4745 etiarn
794 4677 889 4745 laude
911 4681 1040 4766 dignes:
1073 4685 1106 4747 in
1132 4683 1248 4770 quibus
1274 4682 1441 4770 (Swinton
1465 4686 1551 4748 enim
1574 4699 1609 4749 ut
1630 4685 1768 4748 diximus
1789 4684 1823 4744 in
1846 4677 1984 4764 legendo

355 4799 578 4874 felicissimus,
608 4796 641 4858 in
672 4793 910 4880 interpretando
941 4807 1061 4858 tantum
1089 4801 1195 4862 minus
1225 4795 1305 4863 felix
1335 4817 1406 4861 esse
1436 4795 1580 4881 solebat)
1613 4799 1668 4860 vix
1699 4793 1765 4858 ulla
1793 4790 1900 4856 littera
1921 4807 1981 4870 est,

355 4916 446 4984 onius
469 4921 608 4999 potestas
628 4903 712 4972 male
734 4905 865 4971 definita
888 4909 939 4972 sin
1449 4970 1456 4986 p

483 5021 521 5088 ln
536 5021 664 5106 boyer-t*
677 5019 910 5107 A‘lpbabeturn‚
932 5021 1075 5109 quamvis
1098 5033 1192 5084 tenue
1215 5035 1247 5087 et
1265 5043 1436 5108 paucarum
1453 5001 1626 5106 figurarum
1651 5019 1708 5100 (de
1730 5019 1765 5083 la
1779 5021 1902 5105 lengun
1917 5031 1976 5082 etc.
2052 5029 2064 5052 ¹

357 5161 389 5226 p.
412 5141 485 5205 375.
506 5137 679 5223 palaeogr.
702 5130 844 5199 Studien
866 5133 929 5198 tab.
951 5131 1002 5219 5),
1025 5131 1116 5219 plura
1138 5137 1203 5198 iam
1226 5137 1423 5221 irrepserunt
1447 5133 1579 5211 vitiosa,
1608 5129 1695 5196 velut
1717 5132 1777 5197 sub
1793 5131 1844 5196 He
1859 5129 1976 5218 figura,

356 5273 439 5342 quae
461 5249 561 5315 Schin
584 5261 649 5328 est,
683 5246 743 5312 sub
766 5245 854 5313 Mam
877 5269 940 5313 una
969 5269 1049 5334 quae
1079 5245 1267 5325 subiacet,
1300 5245 1363 5311 alia
1386 5265 1466 5332 quaa
1488 5243 1614 5332 Aleph,
1645 5244 1704 5312 sub
1726 5243 1788 5311 Jod
1811 5267 1874 5311 uua
1897 5265 1978 5331 quae

255 5457 261 5474 .
354 5361 461 5452 Aleph
484 5377 553 5459 esu,
665 5428 669 5441 ,
