4906 6300
569 553 908 623 INSClllPTIONES
930 555 1224 624 MELlTENSES.
1266 557 1291 623 l.
1314 541 1584 626 Munl'runsrs
1607 560 1756 628 PRIMA.
1923 569 1972 643 99
2111 603 2113 610 -

348 743 428 826 (011.
439 744 498 829 2),
519 759 661 830 apparet,
686 742 838 824 Osiridis,
859 743 1091 833 Aegyptiorum
1107 749 1257 827 numinis,
1277 743 1396 812 cultum
1412 749 1508 810 etiarn
1526 749 1610 833 apud
1624 747 1804 816 Phoenices
1819 752 1971 838 riguisse,

347 860 439 924 auius
476 860 525 922 rei
561 859 657 920 etiarn
697 855 763 924 alia
792 857 954 924 luculenta
987 861 1123 946 vestigia
1155 862 1366 945 reperiuntur.
1417 857 1469 924 De
1499 857 1714 940 Amathonte,
1752 859 1852 947 Cypri
1881 862 1972 948 urbe,

347 970 532 1056 Stephanus
560 968 775 1053 Byzantinus:
809 969 982 1053 Ἀμαθοῦς,
1020 975 1142 1058 inquit,
1180 971 1268 1064 rso'lrr
1294 972 1426 1058 Κύπρου
1447 969 1656 1057 ἀρχαιοτάτη,
1694 974 1727 1040 ἓν
1754 965 1775 1061 ᾗ
1804 973 1973 1051 ‘hidacio

340 1082 494 1168 Ὄσιρις
516 1089 609 1168 (nnn
632 1085 724 1167 usn)
746 1083 892 1165 isenrico,
924 1083 960 1149 ὃν
979 1084 1151 1170 Alydnrrov
1173 1083 1247 1149 dno
1269 1083 1404 1167 Κύπριοι
1424 1086 1474 1148 καὶ
1500 1087 1638 1161 Φοίνικες
1657 1088 1888 1154 idronororivror.
1932 1087 1969 1154 ln

347 1215 445 1260 numo
460 1197 597 1282 quodam
614 1196 733 1261 Punice
750 1197 924 1281 inscripto,
947 1200 1017 1262 sive
1033 1195 1197 1263 Melitensi
1217 1200 1286 1262 sire
1305 1198 1408 1282 (quod
1429 1197 1559 1284 malim)
1582 1197 1752 1264 Ganlitano
1776 1203 1826 1284 (v.
1840 1199 1897 1264 lib.
1910 1201 1969 1280 lll,

346 1329 436 1374 nuso.
457 1305 551 1372 Gaal.
571 1309 624 1392 A)
652 1307 758 1372 Osiris
780 1323 945 1395 comparet
965 1311 1112 1396 aegyptio
1135 1308 1220 1375 cultu
1242 1311 1412 1388 adoratus,
1435 1323 1469 1372 et
1486 1309 1600 1374 similis
1622 1309 1726 1397 figura
1747 1315 1781 1376 in
1803 1311 1970 1378 illelitensi

343 1441 460 1508 graece
474 1423 628 1508 inscripto
642 1419 782 1506 (Eclshel
794 1423 894 1487 doctr.
910 1421 1025 1487 euml
1040 1443 1069 1507 p.
1085 1421 1161 1506 268)
1178 1422 1221 1505 1).
1245 1420 1341 1505 Bybli
1358 1437 1475 1501 autem,
1492 1423 1684 1488 Phoeniciae
1699 1424 1789 1503 urbe,
1805 1421 1968 1492 Osiridem

343 1531 506 1620 sepultum
536 1555 609 1599 esse
635 1533 784 1602 ler'ebsot
812 1535 966 1618 (Lucien-
996 1534 1036 1598 de
1065 1536 1126 1600 dea
1154 1535 1254 1618 Syra)
1284 1549 1317 1598 et
1342 1534 1462 1600 ibidem
1484 1533 1581 1600 Isidis
1603 1533 1754 1622 templum
1776 1553 1845 1602 emt
1864 1536 1967 1622 (Plut.

342 1644 368 1710 l.
393 1667 421 1713 c.
443 1650 470 1726 i.
499 1649 708 1732 15.16)**).
759 1645 912 1712 Ceterum
941 1669 1006 1712 non
1035 1645 1141 1712 solum
1169 1645 1309 1714 Osiridis
1339 1645 1460 1712 cultum
1489 1669 1509 1712 a
1536 1646 1751 1713 Phoenicibus
1782 1650 1966 1735 adoptatum
2001 1661 2006 1666 '

343 1746 436 1838 asse,
465 1760 522 1824 sed
545 1757 662 1826 multos
684 1763 781 1826 etiam
804 1758 885 1826 alias
906 1780 1020 1824 eorum
1041 1757 1217 1846 religiones
1239 1762 1444 1846 aegyptiacae
1466 1762 1603 1847 originis
1624 1781 1714 1841 esse,
1753 1762 1838 1828 infra
1859 1764 1966 1850 dispu-

342 1870 483 1938 tabimus
505 1873 546 1938 ad
568 1870 679 1938 Carth.
702 1878 733 1938 3.

472 1985 651 2050 Phoenices
674 1986 811 2075 denique
833 1987 867 2049 in
888 1985 1075 2072 regionibus
1096 1987 1222 2072 graecis
1244 1985 1425 2050 habitantes
1448 1987 1511 2050 duo
1528 1989 1658 2050 nomina
1672 1989 1800 2072 propria
1813 1990 1966 2073 gessisse,

342 2095 479 2162 altarum
509 2097 736 2177 Phoenicium,
764 2097 898 2164 alterum
927 2119 1099 2185 graecum,
1130 2119 1227 2184 quum
1249 2097 1378 2163 aliunde
1400 2113 1527 2164 constat
1553 2097 1725 2182 (Malodes
1756 2101 1841 2164 enim
1864 2099 1965 2183 Syrus

340 2221 458 2298 pasce
479 2209 678 2297 Porphyrius
702 2213 805 2277 dictus
828 2212 895 2296 est)
919 2223 986 2277 tum
1008 2225 1134 2298 praeter
1155 2211 1395 2296 inscriptionem
1420 2225 1561 2276 nostram
1582 2225 1680 2275 testes
1701 2225 1775 2276 sont
1795 2210 1916 2278 Athen.
1935 2219 1964 2280 1.

343 2327 407 2390 23
429 2323 503 2410 (no.
520 2329 551 2390 b.
567 2330 599 2390 6.
615 2326 669 2408 ⁷l²
702 2343 805 2409 neque
828 2321 922 2390 aliter
942 2324 1043 2389 Poeni
1067 2345 1098 2390 v.
1121 2343 1149 2388 c.
1173 2321 1376 2403 Hasdrubal,
1390 2345 1453 2420 ⁸gr.
1477 2320 1696 2390 Clitomachus
1718 2322 1837 2409 (Diog.
1854 2324 1966 2389 Laert.

341 2435 392 2501 lv
413 2457 445 2522 p.
469 2441 529 2501 113
551 2436 694 2520 Lond.);
731 2435 848 2501 ludaei
877 2450 980 2501 aetate
1010 2433 1252 2501 Seleucidarum
1281 2433 1560 2523 Romanorumque
1588 2439 1727 2521 itemque
1756 2433 1789 2500 lo
1811 2437 1965 2528 διασπορᾷ

343 2547 526 2613 habitantes
547 2568 575 2609 v.
598 2569 625 2614 e.
647 2569 706 2613 rex
729 2559 827 2642 tryph,
857 2571 906 2635 gr.
930 2549 1130 2615 Alexander
1150 2545 1341 2624 lunonem,-
1374 2545 1503 2612 Solone
1520 2550 1648 2633 regina,
1677 2569 1725 2634 gr.
1742 2547 1965 2628 Alexandra,-

342 2659 459 2726 Ssulus
481 2672 514 2724 et
534 2658 671 2740 Paulus,
702 2659 815 2726 nabor·
829 2659 919 2726 Judo
937 2660 1062 2748 chag,
1085 2659 1174 2726 arab.
1188 2659 1267 2726 Ate
1280 2659 1474 2746 Zocdorjo'y
1489 2659 1601 2725 nacta·
1612 2658 1700 2724 Jono
1715 2659 1776 2724 den
1794 2659 1963 2742 Goaaaclt,

341 2773 428 2839 arab.
454 2772 663 2852 Adulroolc'd,
693 2774 796 2866 ψ
814 2777 887 2870 315
921 2773 995 2856 Syri
1017 2775 1101 2838 iuter
1121 2771 1249 2838 Arabes
1269 2774 1422 2860 degentes
1449 2793 1478 2838 r.
1501 2795 1529 2838 c.
1551 2770 1783 2836 Borledroesrr
1804 2786 1836 2836 et
1855 2772 1963 2850 Abal-

337 2892 524 2980 plarugc'as
546 2890 587 2956 al.
629 2889 756 2957 Nomen
779 2907 884 2958 autem
901 2890 1107 2978 phoenicium
1121 2903 1154 2955 et
1166 2912 1317 2978 maecum
1339 2890 1525 2978 plerumque
1546 2887 1610 2955 sibi
1632 2891 1677 2955 ita
1693 2891 1903 2977 respondent,
1928 2906 1963 2958 ut

341 3026 492 3092 graecum
516 3025 559 3070 ex
580 3003 751 3090 phoenicio
772 3002 961 3070 translaturo
983 3006 1044 3084 sit,
1072 3025 1146 3069 raro
1169 3017 1283 3068 contra
1302 3005 1358 3086 (v.
1377 3002 1495 3070 Athea.
1516 3001 1571 3088 3).

469 3133 620 3196 nnuman
643 3117 741 3203 mut)
772 3137 841 3182 cua
859 3117 981 3196 fratre
1003 3138 1072 3182 neo
1106 3115 1356 3182 (loir-scloam-
1385 3117 1425 3202 (i.
1446 3137 1474 3179 e.
1505 3113 1712 3200 Serapione).
1756 3114 1831 3182 Duo
1852 3119 1886 3182 in
1908 3116 1960 3184 his

341 3231 448 3298 verbis
476 3230 777 3297 observandarum
806 3247 837 3292 a·
854 3232 975 3294 cunctis
1003 3229 1230 3315 interpretibus
1252 3227 1408 3316 neglecta.
1450 3229 1596 3294 Primam
1615 3241 1685 3308 est,
1719 3231 1804 3315 quod
1831 3235 1962 3314 pm‘stuc

339 3363 494 3430 personae
509 3362 686 3430 pronomen
700 3345 733 3406 in
752 3361 812 3410 *uu
825 3341 947 3420 frater
962 3363 1050 3407 τιειιι
1065 3341 1201 3406 retertur
1223 3343 1265 3406 sd
1287 3357 1400 3410 nonne
1421 3355 1520 3430 yrun,
1550 3339 1607 3406 ubi
1629 3344 1756 3406 tertiam
1775 3341 1960 3428 exspectes:

340 3477 444 3542 neque
465 3438 544 3521 sads
566 3455 698 3540 expedit
720 3453 959 3533 difficultatem,
990 3454 1074 3540 qnod
1092 3453 1310 3540 Liodhergius
1323 3456 1364 3519 ad
1379 3451 1544 3540 vulgarem
1559 3451 1727 3540 enallagen
1751 3475 1960 3540 personarum

339 3581 501 3655 provocat.
545 3567 610 3632 Sed
640 3565 735 3653 plane
764 3565 889 3666 similis=
908 3581 957 3630 est
984 3565 1074 3630 locus
1102 3565 1184 3632 Gen.
1206 3573 1266 3644 44,
1288 3571 1349 3646 32,
1390 3565 1446 3631 nbi
1467 3564 1552 3630 luda
1579 3563 1740 3651 Josepho:
1779 3585 1844 3660 ξιτ-ξ
1873 3581 1960 3666 'agna
2099 3601 2106 3612 1

339 3700 401 3776 ’ξιξ
424 3699 487 3769 nau
510 3697 682 3772 'tuln-my
711 3700 859 3745 cernar
885 3688 983 3744 tuns
1011 3677 1126 3745 ondeta
1154 3699 1190 3742 re
1217 3679 1309 3743 dedit
1332 3699 1398 3764 pro
1421 3697 1528 3763 puero
1550 3677 1641 3760 apud
1662 3687 1796 3762 putrem
1816 3699 1958 3757 neum,

337 3815 411 3880 pro:
439 3815 500 3881 ago
521 3795 635 3860 vadem
657 3813 708 3856 mo
731 3793 805 3858 dedi
828 3829 867 3842 —
888 3794 972 3878 apud
990 3807 1113 3879 patrem
1127 3811 1244 3855 meum.
1287 3789 1324 3854 ln
1344 3805 1477 3876 utroque
1492 3787 1564 3854 loco
1581 3803 1668 3888 ’,τρὶ
1688 3793 1733 3852 ita
1754 3777 1856 3854 vicem
1870 3803 1957 3858 tenet

338 3910 535 3992 pronominis
556 3918 649 4001 ratu,
671 3919 705 3970 ut
726 3925 797 3970 cum
813 3907 934 3990 primae
953 3925 1111 3996 personae
1130 3905 1321 3989 pronomine
1341 3905 1484 3970 construi
1505 3904 1615 3988 possit.
1658 3900 1781 3967 Similis
1804 3904 1958 3972 transitus

338 4041 358 4084 a
387 4023 482 4086 tertia
508 4041 647 4106 persona
674 4018 713 4082 ad
743 4020 879 4103 primam
908 4033 959 4083 est
983 4019 1018 4082 in
1045 4015 1297 4082 Melitaeos.
1341 4015 1435 4094 Quod
1457 4014 1603 4099 Bayerus
1622 4032 1683 4084 *nn
1707 4019 1859 4101 scriptum
1885 4027 1958 4084 essa

339 4133 545 4198 existimabat
565 4155 623 4219 pro
645 4149 723 4202 rann
736 4129 858 4210 frates·
880 4137 968 4209 eius,
999 4131 1077 4195 ferri
1099 4151 1163 4195 noo
1185 4143 1307 4217 potest,
1344 4114 1600 4216 quandoquidem
1623 4149 1636 4197 ι
1660 4150 1841 4195 consonans
1860 4129 1956 4196 abiiei

337 4267 402 4311 noo
424 4257 558 4331 poterat.
600 4244 663 4309 Pro
685 4263 763 4313 rnre
789 4242 964 4310 Phoenices
987 4245 1193 4330 scripsissent
1214 4263 1296 4323 ints,
1319 4265 1383 4308 non
1403 4261 1475 4312 ann.
1516 4243 1671 4308 Alteras·
1684 4255 1752 4322 est,
1776 4245 1859 4328 qnod
1877 4261 1954 4340 *nup

337 4360 523 4424 emendum
552 4358 621 4424 dixi
650 4357 862 4436 cumfratre
889 4377 977 4435 stro,
1014 4377 1078 4420 non
1111 4365 1145 4420 ct
1163 4356 1285 4436 frater
1304 4377 1402 4422 meus.
1445 4354 1494 4421 lta
1515 4354 1640 4442 flagitat
1662 4358 1816 4420 orationis
1837 4358 1954 4420 seriest

344 4471 403 4536 Vir
423 4491 543 4538 onom
564 4485 614 4536 est
634 4492 746 4536 seruus
769 4481 843 4534 tuos
865 4471 886 4532 i.
909 4491 937 4532 e.
961 4491 1031 4535 sum
1055 4489 1117 4556 ego
1140 4468 1321 4554 Dionysias
1342 4468 1543 4548 cumfratre
1564 4489 1633 4533 raso
1656 4465 1857 4553 Serapione,
1883 4487 1953 4532 cum

336 4597 448 4648 contra
468 4597 689 4671 exspectares:
728 4587 803 4652 Viri
821 4589 976 4649 ooomtee
1004 4585 1115 4666 (nanu
1138 4589 1258 4662 umen)
1289 4595 1363 4648 suot
1391 4602 1454 4668 ego
1476 4580 1657 4665 Dionysius
1679 4590 1712 4644 et
1724 4581 1845 4658 frater
1866 4599 1954 4644 mess

338 4691 513 4788 Serapion.
557 4697 730 4764 Simillima
751 4701 833 4763 ratio
854 4709 903 4762 est
924 4693 988 4760 loci
1009 4693 1100 4760 Esth.
1116 4704 1148 4774 4,
1173 4702 1231 4761 tos
1251 4711 1336 4788 naurs
1362 4699 1470 4792 erynge-g
1493 4713 1545 4792 urg
1567 4713 1629 4780 ego
1644 4714 1713 4757 οιιιιι
1728 4693 1859 4756 esctun
1874 4697 1953 4758 arcis

388 4909 414 4978 *l
440 4911 483 4968 (ii.
505 4917 611 4967 Μῒιιιιιτ
633 4919 731 4984 Sparsa
750 4915 922 4982 negyprimber
939 4915 1110 4978 Religionum·
1231 4910 1275 4978 **)
1306 4909 1435 4979 Lapidem
1461 4877 1744 4976 carpentorr‘crensem
1771 4915 1796 4959 et
1821 4923 1950 4978 gemmam

335 5009 410 5075 griffe
430 5015 455 5063 r'n
481 5015 583 5066 Sicilire
607 5015 658 5066 aad
683 5015 730 5064 den
756 5013 935 5065 bmecbbarres
954 5015 1052 5074 laren,
1082 5007 1109 5060 iu
1179 5024 1225 5062 no.
1258 5009 1293 5062 68
1322 5023 1378 5059 non
1405 5020 1542 5068 memoro,
1573 5019 1653 5071 quom
1682 5003 1749 5056 baec
1779 5014 1951 5058 monumenta
2041 5033 2046 5040 «

335 5109 438 5176 Antion.
457 5111 656 5176 Atbuedtangen
676 5109 715 5163 Vl
733 5127 759 5178 p.
777 5107 827 5162 149
841 5125 899 5176 sqq.
934 5108 977 5159 De
1004 5103 1110 5160 Osiride
1180 5103 1337 5178 aegyptiace
1355 5102 1422 5167 sint,
1451 5113 1506 5153 non
1524 5097 1674 5168 phoenicia.

336 5209 365 5254 et
379 5203 505 5258 Adonide
523 5205 600 5260 sarie
616 5206 687 5260 inter
705 5221 734 5258 se
747 5204 902 5274 permutatis
917 5202 980 5256 vida
995 5207 1111 5256 Crescerr'
1773 5203 1775 5210 '

335 5299 468 5364 Syrrboiil.
489 5303 523 5356 T.
538 5303 572 5354 11.
594 5321 620 5372 p.
636 5305 679 5358 95.
696 5305 754 5356 107.

1528 5382 1606 5442 13*
