4902 6306
568 661 630 730 DE
647 659 858 730 LITTERIS
878 657 1145 727 PHOENICIIS.
1187 665 1218 742 1.
1238 665 1291 728 33.
1331 659 1427 728 'l'AU
1448 659 1654 728 Lilaean.
1869 669 1921 741 47

292 855 427 920 unicam
454 865 505 918 est
534 849 641 939 Togg.
670 847 728 914 lin.
745 855 771 914 ·3
800 851 874 934 (πυ
902 849 1090 936 princeps).
1140 849 1300 916 Videntur
1326 863 1433 916 eutem
1463 849 1643 914 Phoenices
1679 852 1801 938 pariter
1828 865 1923 938 atque

292 965 454 1033 Chaldaei
485 979 519 1030 et
545 963 619 1050 Syri
646 964 841 1030 discriminis
869 983 967 1028 causa
988 959 1089 1026 multe
1112 961 1288 1042 vocabula,
1326 985 1407 1049 quae
1429 964 1516 1049 apud
1537 963 1707 1029 Hebraeos
1734 962 1874 1028 litterern
1897 967 1924 1032 11

294 1078 432 1160 babent,
469 1076 606 1144 Sarnecb
632 1075 741 1142 littera
769 1077 956 1162 scripsisse,
994 1087 1030 1140 ut
1057 1076 1123 1146 beo
1151 1077 1343 1162 intelligens
1370 1097 1430 1161 pro
1457 1078 1528 1148 bnis
1554 1074 1661 1162 Togg.
1682 1075 1740 1141 lin.
1763 1082 1801 1157 5,
1832 1093 1915 1146 neno
2016 1061 2023 1080 ⁸

296 1196 311 1279 (
323 1195 469 1280 princepe
497 1191 669 1274 fortunae)
698 1191 793 1254 inser.
814 1188 884 1255 671)
906 1202 939 1254 et
961 1203 1081 1259 nonno
1104 1188 1272 1274 (princeps
1295 1185 1453 1272 Osiridis)
1476 1210 1529 1254 no.
1551 1193 1603 1253 68.

390 1349 397 1372 .
470 1302 652 1390 „Daplex,
687 1323 782 1389 qoem
811 1323 907 1387 snpra
935 1303 1121 1386 posuimus,
1159 1321 1262 1366 canon
1293 1302 1332 1364 de
1361 1297 1506 1388 legitima
1531 1299 1637 1387 figure
1666 1297 1765 1364 Scbin
1795 1299 1924 1368 litteras

386 1421 550 1503 „eiusque
571 1438 591 1481 a
611 1413 701 1480 Mem
720 1413 827 1479 littera
847 1413 1050 1493 discrimine,
1082 1415 1202 1478 eximie
1223 1409 1430 1478 confirmator
1453 1415 1597 1500 cognatis
1618 1415 1794 1498 scripturae
1825 1437 1925 1501 gene·

384 1529 522 1612 „ribus,
549 1532 584 1593 in
607 1523 722 1613 quibua
744 1547 786 1592 ne
807 1547 872 1592 una
893 1526 1021 1614 quidem
1044 1540 1175 1591 nostrae
1194 1524 1321 1590 litteras
1342 1525 1448 1592 forme
1471 1539 1536 1605 est,
1566 1547 1649 1614 qnae
1665 1549 1685 1590 e
1706 1526 1820 1592 dextre
1834 1541 1926 1614 parte

386 1688 409 1722 „
417 1642 553 1709 caudata
575 1643 634 1720 sit,
663 1641 750 1704 etin
773 1659 836 1724 que
857 1639 964 1704 medie
985 1637 1073 1714 linea
1095 1653 1310 1704 transversam
1332 1653 1431 1706 secet.
1475 1639 1595 1704 Contra
1613 1659 1725 1704 omues
1741 1639 1864 1726 figurae
1883 1663 1926 1706 ex

386 1776 527 1837 „earam
548 1773 667 1841 genere
688 1765 778 1827 sunt,
810 1773 889 1836 quas
909 1750 1055 1816 dedimus
1077 1749 1134 1838 fig.
1157 1756 1287 1816 8-13.

473 1869 573 1954 „th.
595 1871 615 1932 8
637 1879 688 1930 est
709 1863 808 1928 Sebio
826 1861 1119 1944 Samaritanorum,
1146 1863 1238 1951 figo
1260 1857 1365 1928 exs'tat
1385 1865 1418 1927 in
1442 1861 1580 1948 Palmyr.
1603 1862 1779 1944 Romanis,
1802 1863 1859 1952 fig.
1875 1872 1926 1946 10,

385 2026 410 2062 ,,
422 1988 462 2048 12
482 1983 518 2046 in
539 1993 670 2044 moneta
682 1975 925 2055 Hebraeorum,
947 1973 1004 2062 fig.
1021 1981 1060 2042 13
1082 1978 1116 2042 in
1130 1975 1299 2041 Ararnaeis
1315 1977 1511 2062 aegyptiacis
1527 1989 1560 2040 et
1574 1973 1785 2060 Palmyrenis.
1806 2015 1850 2028 -
1873 1979 1925 2045 Ex

386 2099 471 2188 „fig.
490 2107 530 2166 12
552 2113 657 2164 ortum
673 2097 770 2160 etiarn
783 2091 981 2179 Aethiopum
1002 2091 1062 2170 ul
1086 2093 1188 2174 Sosi,
1215 2095 1298 2180 quod
1320 2092 1549 2180 (sibilantibus
1568 2095 1652 2157 inter
1667 2116 1703 2158 ee
1718 2097 1925 2182 permutetis)

385 2235 488 2294 „com
510 2225 620 2280 nostro
643 2229 669 2279 us
695 2207 943 2296 comparandam
965 2227 1037 2272 esse
1058 2221 1144 2272 recte
1168 2205 1318 2272 observet
1339 2205 1484 2292 Koppiua
1511 2205 1575 2294 (ll,
1597 2211 1670 2272 350.
1693 2209 1786 2294 356).
1829 2207 1925 2296 Apud

386 2332 558 2414 „Graecos
587 2343 678 2396 vetus
706 2333 763 2394 τοῦ
800 2325 913 2414 Sigma
947 2321 1053 2411 ligura
1082 2339 1131 2391 est
1165 2315 1252 2404 Μ,
1289 2346 1371 2412 quae
1401 2347 1465 2392 non
1495 2339 1602 2413 potest
1630 2347 1694 2391 non
1725 2348 1766 2392 ex
1796 2325 1853 2414 fig.
1885 2331 1927 2391 tc

389 2448 548 2528 „invene
568 2457 639 2510 orte
659 2463 743 2508 esse.

1051 2576 1162 2652 §.aa

897 2709 1011 2776 Tae
1060 2710 1330 2791 littere,

301 2881 395 2946 cuins
417 2895 534 2942 nornen
556 2870 634 2967 (erp)
656 2874 784 2956 rigasse
806 2863 1003 2944 cruciforme
1024 2859 1208 2950 significare
1228 2873 1371 2942 constet,
1397 2862 1582 2948 primariam
1603 2874 1636 2926 et
1663 2864 1806 2930 nativam
1829 2862 1929 2930 babet

985 3021 1415 3334 11

299 3348 399 3438 (vide
419 3343 538 3424 cies,
561 3350 592 3410 1.
624 3346 677 3421 29,
699 3348 730 3405 2.
753 3337 846 3422 Eryc.
870 3333 980 3406 Carth.
996 3348 1028 3421 2,
1046 3348 1075 3406 1.
1089 3348 1122 3406 4.
1145 3345 1177 3418 3,
1195 3346 1212 3404 1
1238 3338 1333 3419 [ter].
1349 3342 1379 3400 4.
1404 3331 1513 3400 Cartb.
1532 3337 1595 3412 10,
1617 3355 1705 3399 num.
1726 3333 1928 3400 Panorm..E

299 3463 403 3530 labae
423 3461 503 3526 min.
524 3457 596 3542 Α),
635 3455 720 3520 unde
742 3455 900 3539 originem
919 3453 1082 3518 duxerunt
1103 3450 1229 3539 reliqua
1248 3467 1369 3538 genera
1393 3449 1621 3512 contractiora:

446 3557 2019 4160 1111111111

305 4199 360 4286 (v.
382 4215 446 4262 rec.
468 4189 530 4256 cn.
552 4194 582 4253 2.
613 4181 724 4250 Carth.
747 4189 778 4265 5,
803 4192 832 4249 1.
849 4193 881 4250 4.
903 4187 934 4249 5.
963 4181 1074 4251 Carth.
1097 4191 1130 4252 8.
1152 4190 1195 4264 9.,
1223 4203 1310 4249 ιιιιιιι.
1324 4181 1473 4246 Panorm.
1488 4177 1524 4245 F.
1547 4175 1586 4242 G.
1605 4173 1649 4240 H.
1669 4174 1710 4242 L.
1738 4169 1869 4240 Herecl.
1891 4169 1931 4236 Β.

305 4309 407 4397 Tiug.
429 4305 472 4374 D.
495 4299 537 4370 N.
555 4298 625 4368 e.b.
655 4307 733 4366 tert.
757 4297 868 4382 Syrec.
889 4296 929 4363 Α.
953 4295 992 4366 Β.
1023 4297 1101 4363 Pan.
1122 4295 1162 4362 B.
1182 4295 1249 4378 (cl.
1273 4293 1338 4360 Cit.
1361 4302 1380 4359 2
1402 4292 1459 4358 lin.
1482 4292 1533 4378 3).
1564 4299 1671 4378 quart.
1694 4287 1800 4376 Tugg.
1828 4291 1931 4374 putat.

308 4422 372 4489 Cit.
391 4427 444 4500 29,
468 4426 496 4484 2.
527 4423 615 4482 scal.
637 4409 740 4477 Melit.
763 4417 795 4491 2,
819 4417 892 4475 1.2.
907 4416 937 4477 3.
967 4409 1123 4476 Atheni
1148 4423 1208 4488 ter,
1239 4415 1323 4489 2,1.
1354 4407 1416 4472 Cit.
1440 4414 1471 4486 2,
1488 4413 1516 4473 2,
1536 4410 1566 4470 3.
1590 4400 1716 4489 Tripol.
1730 4409 1761 4482 2,
1776 4407 1821 4481 3.,
1844 4419 1932 4462 ιιιιιιι.

306 4537 377 4602 Sid.
399 4531 443 4599 U.
463 4527 521 4596 W.
542 4527 586 4593 X.
616 4522 747 4593 Heracl.
769 4523 811 4590 A.
838 4521 989 4588 Panorru.
1014 4521 1052 4589 C.
1074 4521 1116 4588 D.
1151 4521 1245 4588 Cilic.
1267 4519 1393 4586 A-E.
1425 4528 1507 4606 cepi.
1531 4539 1619 4584 num.
1643 4514 1741 4601 Ting.
1765 4507 1932 4578 111111.

305 4646 397 4716 LK.
438 4653 500 4710 oct.
520 4661 595 4708 non.
626 4637 731 4704 Melit.
752 4644 782 4701 1.
809 4634 928 4700 Athen.
950 4642 981 4701 3.
1014 4635 1076 4702 Cit.
1099 4642 1151 4716 31,
1173 4643 1204 4702 2.
1228 4641 1257 4700 3.
1287 4639 1348 4715 32,
1371 4641 1423 4715 2.,
1447 4655 1533 4699 ιιιιιιι.
1557 4629 1626 4695 Sid.
1649 4627 1688 4692 T.
1713 4625 1758 4690 V.
1790 4620 1932 4688 Maratb.

307 4781 440 4838 omna,
475 4755 581 4824 Gedin
617 4749 656 4818 Β.
688 4749 732 4815 Η.
775 4747 873 4816 labae
901 4751 968 4814 ion.
998 4746 1036 4815 C.
1079 4749 1157 4826 [dec.
1193 4748 1308 4814 endec.
1346 4745 1465 4812 Athen.
1493 4752 1533 4824 2,
1568 4751 1587 4808 2
1617 4741 1679 4808 bis.
1720 4735 1784 4802 Cit.
1812 4741 1870 4815 24,
1898 4742 1929 4800 1.

307 4895 397 4942 ιιιιιιι.
427 4870 528 4957 sip).

435 4983 618 5070 Scripturee
649 4975 839 5044 Numidicae
866 4973 989 5064 figurae
1023 4974 1126 5062 (qoee
1153 4976 1268 5061 pertirn
1296 4976 1393 5038 etiam
1415 4973 1449 5036 in
1471 4967 1659 5055 llispenicis
1689 4979 1722 5030 et
1742 4966 1775 5030 in
1799 4961 1932 5030 Serdica

308 5097 516 5187 comparent)
538 5093 634 5160 modo
657 5089 820 5178 pleniores
841 5101 932 5169 sunt,
960 5102 997 5154 ut

738 5191 1492 5474 renti
