4902 6306
502 589 550 664 32
626 583 760 652 LlBEll
781 583 958 660 PRIMUS.
1000 579 1374 652 vehementium
1395 579 1648 652 Pnoan'tctt.
1689 582 1841 652 cattam
1862 581 2081 658 TERTIUM.

501 787 665 840 seruatae:
699 787 734 839 ut
763 770 816 846 vel
836 793 879 838 ex
900 773 1053 836 universa
1073 767 1252 858 epigraphe
1277 791 1330 836 no.
1353 773 1395 836 at
1416 771 1449 834 in
1472 767 1583 836 oculus
1603 769 1759 856 incurrit)
1778 783 1814 835 et
1833 772 1959 837 videtur
1980 793 2020 836 ee
2041 769 2131 838 Mem

502 909 593 966 ease,
616 899 652 952 ut
666 888 701 952 in
715 883 848 972 reliquie
863 905 963 971 paene
980 883 1147 961 omnibus,
1169 884 1227 950 eetl
1243 884 1328 953 seule
1339 888 1464 968 pieton
1484 896 1517 948 et
1530 880 1615 948 male
1629 883 1799 968 depietae.
1842 883 1885 950 Et
1899 883 1951 952 fen
1967 887 2066 950 Manu
2083 887 2133 967 2),

499 997 593 1064 illam
612 997 752 1086 figuram
773 995 856 1063 bene
878 1017 914 1062 ee
937 994 1078 1074 habere,
1099 995 1174 1082 quid
1197 997 1294 1074 inde,
1316 993 1454 1060 amabol
1476 995 1561 1062 uude
1583 997 1746 1081 sequitur,
1769 1015 1840 1064 eant
1863 995 1936 1064 Nnu
1957 997 2051 1063 eseel
2080 997 2134 1064 E'x

500 1110 628 1200 figurat
667 1109 742 1174 hnic
773 1105 862 1172 nulla
890 1122 940 1172 est
968 1109 1117 1196 cognatio
1147 1129 1220 1172 cnm
1248 1106 1362 1194 liguris
1389 1104 1518 1172 litterae
1546 1104 1633 1172 Nun.
1678 1107 1730 1173 Ex
1761 1122 1915 1176 contextu
1942 1123 1976 1174 et
2002 1109 2134 1198 linguae

503 1222 702 1288 rationibuei
739 1219 812 1284 Hae
843 1241 910 1284 non
938 1223 1045 1286 minus
1074 1219 1182 1284 l'acile‘
1198 1220 1320 1285 ferrent
1350 1221 1441 1288 eam
1471 1217 1650 1302 (collective
1668 1223 1871 1308 acceptum),
1907 1243 2000 1310 quam
2025 1225 2133 1310 qenai,

504 1336 587 1422 quod
609 1339 643 1402 in
665 1355 729 1397 uun
744 1331 878 1416 Haymii
899 1332 1084 1421 apographo
1115 1353 1216 1418 eoque
1238 1329 1331 1396 valde
1355 1345 1503 1418 suspecto
1525 1345 1593 1413 ert,
1629 1353 1725 1418 quum
1748 1336 1857 1398 omnia
1878 1335 2026 1423 exempla
2046 1351 2135 1403 certe

503 1448 643 1512 babeant
665 1449 787 1524 nesab,
811 1449 903 1536 prub.
948 1445 1165 1510 Posterioretu
1186 1448 1377 1510 sententiam
1408 1447 1448 1508 de
1479 1445 1622 1509 eiusdem
1650 1441 1777 1510 litterae
1807 1460 1965 1531 potestate
1994 1467 2021 1516 u
2050 1449 2135 1514 idem

504 1563 551 1624 vir
579 1561 784 1624 doctissimus
808 1559 956 1644 probavit
976 1579 1018 1622 ex
1040 1555 1179 1622 lectione
1202 1577 1369 1622 nnmerum
1392 1551 1664 1635 Cossuraeorum,
1696 1573 1828 1646 uuam),
1860 1561 1901 1624 tle
1923 1581 1985 1644 qua
2007 1563 2135 1626 tandem

502 1671 683 1737 abiicienda
705 1693 800 1758 saepe
822 1674 887 1736 iam
910 1669 1064 1735 diximus.
1105 1669 1170 1734 Sed
1193 1671 1267 1758 quid
1290 1667 1411 1735 multai
1437 1667 1509 1757 lpee
1525 1667 1743 1756 Lindbergiue
1764 1686 1877 1758 postea
1898 1675 1931 1737 in
1948 1666 2136 1760 Certbng.9

502 1783 694 1871 explicantia
721 1783 774 1870 (v.
803 1781 910 1849 Falbii
936 1779 1139 1848 Recbercbes
1158 1806 1189 1870 p.
1215 1783 1294 1868 10³)
1318 1781 1457 1848 litteram
1485 1803 1539 1846 no.
1562 1785 1623 1862 15,
1659 1803 1740 1868 qnae
1767 1783 1814 1849 ibi
1843 1788 1948 1871 prima
1974 1799 2042 1866 eet,
2072 1781 2136 1850 Jotl

502 1919 574 1984 esse
596 1899 739 1981 accepit,
767 1909 801 1960 et
823 1910 995 1982 propterea
1017 1893 1106 1960 illam
1127 1899 1320 1989 sententiam
1343 1895 1501 1960 abiecisse
1516 1896 1652 1961 videtur.
1698 1895 1840 1983 Eamque
1862 1895 1999 1986 figuram
2022 1917 2136 1962 revera

507 2007 568 2074 tot
592 2029 684 2089 esse,
717 2031 759 2074 ex
789 2011 1005 2075 monumentis
1033 2007 1094 2073 sub
1123 2031 1175 2074 uo.
1200 1986 1248 2074 14¹.
1273 2013 1323 2073 15.
1346 2015 1388 2072 22
1416 2005 1573 2086 laudatis,
1604 2005 1673 2072 sole
1703 2003 1822 2074 clarius
1853 2023 1914 2075 est.

631 2119 716 2186 Dein
745 2121 844 2186 simili
872 2143 980 2186 errore
1009 2120 1214 2186 Hamalterus
1244 2117 1400 2206 (Miscell.
1426 2143 1457 2206 p.
1483 2121 1563 2202 152)
1592 2117 1648 2205 fig.
1675 2123 1715 2184 19
1743 2119 1812 2186 Van
1835 2145 1907 2188 cese
1931 2121 2136 2190 existimabat

505 2237 700 2322 (quanquam
722 2231 803 2300 alibi
829 2256 862 2321 p.
888 2239 949 2298 tto
977 2237 1029 2298 sui
1056 2232 1149 2320 plene
1179 2231 1298 2298 oblitus
1328 2231 1435 2318 Jotl),
1463 2229 1681 2318 Lindbergius
1711 2235 1758 2319 (p.
1788 2236 1851 2320 60)
1880 2237 1989 2302 itidem
2012 2257 2058 2317 u,
2093 2259 2135 2302 ex

504 2349 616 2412 endem
638 2345 775 2412 lectione
796 2367 965 2411 numerum
990 2343 1253 2410 Cossuraeornm.
1298 2343 1364 2409 Sed
1392 2347 1421 2410 ei
1449 2347 1521 2432 qnia
1543 2343 1655 2424 luerit,
1694 2348 1748 2432 qui
1776 2349 1958 2414 etiamnunc
1985 2350 2024 2414 tle
2055 2371 2132 2415 vern

506 2463 575 2524 eius
605 2473 763 2546 potestate
773 2458 806 2522 ἰι
831 2457 959 2544 Koppio
995 2455 1130 2544 aliisque
1166 2459 1231 2522 iam
1260 2459 1369 2544 agnita
1396 2456 1575 2535 dubitaret,
1614 2459 1642 2522 is
1672 2471 1800 2543 praeter
1828 2457 1950 2546 figuras
1981 2477 2135 2548 cognatae

509 2573 616 2636 rideat
644 2573 786 2636 maxime
814 2567 985 2657 Tripoli
1010 2585 1043 2634 et
1071 2592 1186 2636 numos
1213 2569 1338 2650 lubae,
1371 2569 1428 2636 nbi
1456 2568 1537 2636 haee
1558 2567 1667 2636 bttera
1687 2572 1722 2636 in
1744 2570 1943 2660 appellativis
1965 2589 2137 2662 comparet,

508 2699 540 2749 et
562 2687 651 2750 varia
672 2705 844 2750 numerum
866 2685 1119 2750 Consuraeornm
1141 2681 1290 2770 exemplu
1309 2686 1393 2750 inter
1421 2705 1457 2749 ee
1485 2699 1666 2772 componat.

681 2821 768 2898 „Ex
788 2819 894 2907 figura
915 2817 1088 2904 phoenicia
1107 2829 1226 2886 octauo
1248 2833 1352 2886 ortum
1374 2833 1424 2886 eet
1443 2817 1512 2884 ,Μ
1531 2834 1678 2886 veterum
1696 2818 1937 2886 Hebraeorum:
1970 2843 2013 2890 ex
2034 2821 2092 2910 fig
2113 2829 2136 2889 9

593 2931 688 3012 „tot
710 2931 1004 3010 Samaritanorum,
1028 2953 1070 2996 ax
1093 2931 1149 3018 fig.
1173 2937 1213 2994 to
1236 2929 1299 2997 lod
1317 2937 1738 3020 erumnae-aegyptiacum,
1769 2935 1906 3019 primum
1928 2939 2033 3004 maius
2054 2933 2136 3002 illud

594 3045 720 3122 „trium
748 3045 934 3129 cuspidem,
964 3057 998 3107 ut
1026 3046 1060 3108 in
1089 3043 1270 3129 fragmento
1300 3041 1517 3123 Taurinensi,
1551 3047 1624 3110 dein
1654 3049 1760 3114 minus
1790 3047 2005 3137 triangulare,
2039 3063 2076 3116 ut
2103 3051 2138 3114 in

595 3200 619 3234 „
628 3153 938 3240 carpentoractensi,
951 3158 984 3220 in
997 3153 1213 3220 Blecaseianie
1226 3168 1258 3218 et
1273 3157 1306 3220 in
1323 3152 1485 3242 plerisque
1497 3155 1708 3242 Palmyrenis.
1732 3159 1840 3228 Maior
1854 3160 1911 3228 illa
1923 3162 2028 3250 figura
2042 3165 2138 3228 aemi·
2183 3193 2188 3204 ¹

562 3266 564 3277 '
596 3265 751 3346 „lunaris
774 3270 807 3330 in
831 3265 1030 3349 Palmyrenis
1050 3263 1205 3330 Romania
1229 3268 1314 3330 etin
1336 3265 1582 3334 Sasaanidarnm
1605 3266 1763 3358 scriptura
1783 3277 1881 3340 etiam
1898 3278 1931 3340 in
1953 3276 2137 3341 Phoeniciis

595 3393 733 3458 „exstat
755 3377 811 3466 fig.
832 3381 884 3442 27.
907 3383 958 3442 28.
967 3383 989 3417 “

683 3512 832 3594 „Graeci
853 3525 977 3578 veteres
999 3514 1032 3578 in
1055 3510 1116 3576 bac
1138 3512 1263 3599 quidem
1282 3475 1390 3608 littala
1407 3511 1543 3602 figuram
1557 3518 1727 3586 admodum
1740 3518 1918 3608 simplicem
1931 3519 2137 3606 adoptarunt,

597 3647 707 3714 „qnae
729 3629 762 3692 in
786 3626 968 3692 Phoeniciis
991 3639 1040 3690 est
1062 3646 1115 3690 no.
1137 3631 1254 3702 16.17,
1278 3627 1363 3714 apud
1385 3648 1442 3692 eos
1464 3643 1570 3698 autem
1584 3653 1660 3698 mox
1676 3636 1709 3698 in
1726 3635 1909 3700 cincinnum
1929 3627 2137 3720 (alisanae),

600 3741 769 3828 „deniqne
789 3741 822 3804 in
845 3737 964 3804 lineam
987 3752 1127 3805 erectam
1156 3737 1381 3826 degenerabat.
1390 3746 1413 3780 “
1462 3829 1466 3841 ἱ

1266 3924 1376 4002 im.

1096 4032 1254 4144 Cani
1302 4059 1558 4124 littere.

631 4195 850 4262 'Plenissimao
870 4198 940 4262 eius
961 4193 1086 4262 litterae
1107 4193 1248 4282 figurae,
1278 4213 1320 4258 ex
1348 4213 1411 4279 qua
1439 4189 1580 4284 reliquae
1603 4197 1656 4266 vel
1675 4200 1737 4270 beo
1757 4201 1810 4270 vol
1831 4201 1889 4270 illa
1909 4205 1997 4272 linea
2017 4207 2138 4270 omim

514 4324 604 4376 ortae
627 4331 699 4374 esse
724 4311 891 4389 uidentur,
923 4329 1044 4395 eaeque
1065 4309 1184 4372 iccirco
1203 4308 1375 4394 primariae
1396 4303 1581 4388 habendae,
1604 4309 1665 4380 bae
1686 4333 1778 4386 runt:

517 4733 562 4814 (v.
582 4685 805 4818 prist-‘Melit
827 4731 866 4807 3,
890 4735 920 4794 1.
937 4731 969 4795 5.
1010 4469 1203 4800 soffia
1232 4467 1338 4802 flia.
1364 4461 1503 4804 Liri.
1526 4735 1631 4806 Melit
1652 4744 1690 4816 2,
1712 4745 1743 4802 4.
1774 4747 1881 4826 peuri.
1902 4737 2008 4804 Melit
2031 4743 2071 4820 3,
2094 4744 2138 4826 6).

517 4839 596 4907 lnde
619 4858 726 4922 ortae,
751 4864 883 4930 quarum
906 4846 1009 4933 capita
1030 4867 1050 4910 a
1071 4847 1201 4914 einietrn
1221 4861 1312 4934 parte
1333 4865 1443 4938 aperte
1463 4865 1536 4918 eunt

1400 4963 1411 4994 ι
1535 4959 1547 4993 ι

1047 4957 1241 5210 t
1385 5011 1427 5211 ι

521 5266 564 5349 (ι’.
589 5269 693 5349 quiet.
715 5260 817 5329 Melit
840 5271 926 5378 1,'2
956 5277 1044 5338 text.
1074 5296 1162 5340 num.
1193 5275 1261 5347 Siti.
1287 5291 1435 5363 quattuor
1462 5273 1620 5372 linearum
1652 5271 1783 5340 T-x,
1811 5283 1896 5361 sept.
1918 5273 2024 5342 Melit.
2047 5284 2086 5356 1,
2106 5282 2140 5344 3.

520 5388 582 5446 oet.
599 5377 691 5444 Serti.
706 5379 755 5464 6)ι
778 5392 821 5458 et,
845 5399 925 5464 quae
947 5381 998 5448 bis
1020 5385 1254 5469 frequentiores
1277 5403 1310 5452 at
1324 5391 1464 5456 maxime
1479 5387 1629 5478 vulgares
1642 5403 1731 5466 snut,
1750 5389 1856 5474 eapite
1873 5409 2012 5475 eupetrm
2028 5401 2140 5478 aperto
