5016 6294
502 627 581 704 204
628 577 1022 694 utnensrcnnnns.
1053 615 1389 692 mscnrrrortes
1403 615 1688 700 rnoemcrsa
1716 613 2082 686 csrunsnxnun.

452 861 456 892 ,
505 816 610 902 posito
638 816 766 887 buturo
797 801 968 899 legandum
997 822 1101 875 esset:
1139 827 1219 898 ques
1247 827 1324 875 vero
1353 807 1477 876 litteras
1507 827 1603 896 quum
1625 808 1666 872 ad
1690 819 1799 894 aptum
1822 821 1952 892 menon
1973 825 2128 874 revocare

506 947 570 993 soa
592 929 730 1012 possint,
758 922 838 990 illud
859 925 986 1012 signnm
1009 941 1051 988 es
1074 921 1199 988 duabus
1212 920 1328 988 litteris
1368 917 1455 1030 Λ
1487 949 1533 982 :a
1549 939 1584 990 st
1598 917 1757 986 ooduism
1771 923 1926 1006 suspicor,
1948 935 1984 985 nt
1998 919 2129 992 Nursid,

507 1046 527 1105 3
549 1039 606 1103 lin.
630 1045 653 1102 2
673 1037 733 1103 litt.
756 1043 797 1104 ts
817 1033 933 1102 similis
953 1034 1059 1122 ligura
1079 1049 1150 1099 orta
1169 1047 1219 1100 est
1238 1055 1282 1100 ax
1303 1037 1349 1106 bt.
1393 1033 1543 1122 Denique
1556 1036 1684 1122 signum
1698 1047 1898 1112 extumum,
1919 1035 2003 1120 qnod
2020 1053 2129 1100 versas

506 1149 667 1228 litteram,
695 1170 760 1214 non
783 1163 1023 1228 ornamentum,
1048 1165 1121 1214 essa
1142 1145 1283 1214 affirmat
1302 1145 1584 1233 Hohtsntsrgtes,
1620 1165 1684 1212 nou
1707 1141 1772 1212 alis
1790 1143 1899 1211 littera
1927 1167 2002 1211 essa
2026 1159 2132 1232 potest

508 1283 602 1348 quant
631 1256 729 1341 Nes,
763 1263 849 1328 unda
880 1261 985 1347 prodit
1012 1261 1187 1350 integrum¹
1202 1281 1320 1328 nomen
1350 1263 1506 1348 titutum
1536 1261 1558 1325 i.
1579 1279 1608 1326 s.
1638 1259 1799 1359 pege-Q
1823 1277 1903 1345 opes
1924 1281 1952 1324 s.
1974 1267 2133 1325 creature

508 1374 627 1442 Bsals’s
647 1381 775 1454 nostri,
805 1375 890 1462 quod
910 1391 974 1438 nou
997 1374 1106 1438 differt
1128 1395 1150 1437 a
1169 1376 1334 1474 itemqu,
1365 1371 1632 1460 quemadmodum
1654 1393 1713 1438 uos
1733 1372 1775 1436 de
1796 1372 1876 1436 sedo
1897 1369 2023 1436 Marino
2040 1391 2133 1436 saera

508 1484 608 1552 locuti
640 1487 776 1553 dicimus
805 1487 856 1554 Ze
890 1485 1034 1552 Umor-er
1063 1485 1191 1554 treton
1218 1483 1357 1553 Fratres
1384 1483 1665 1570 <Nota-Datus)
1698 1499 1732 1550 et
1765 1483 1894 1550 bravim
1925 1481 1976 1549 Zs
2003 1481 2132 1549 Diodes

509 1595 657 1664 Fratres.
700 1598 814 1664 Simile
836 1597 990 1665 suffixum
1013 1599 1149 1664 fortasse
1168 1600 1371 1664 statuendum
1392 1613 1464 1663 erat
1482 1601 1516 1664 in
1532 1611 1658 1688 anusn
1676 1595 1904 1685 (Masinissa),
1923 1595 1998 1660 vido
2012 1615 2043 1680 p.
2057 1599 2133 1660 200.

639 1709 791 1777 Continet
818 1715 918 1800 igitur
949 1715 1045 1776 etiarn
1079 1711 1132 1776 hic
1159 1710 1241 1798 lepis
1268 1710 1396 1776 titulum
1425 1712 1568 1776 votivum
1597 1707 1691 1776 Bauli
1719 1707 1826 1775 Soleri
1849 1723 1976 1796 prepter
2002 1723 2133 1772 naturae

511 1821 709 1888 fertilitatem
734 1825 783 1910 (v.
807 1828 895 1890 varia
918 1828 988 1890 eius
1011 1830 1219 1906 ornamenta)
1242 1839 1462 1890 consecratum
1479 1820 1721 1912 abbllietnpsale
1736 1819 1778 1902 ll,
1801 1817 2030 1910 Hiempsalisl
2052 1818 2132 1885 filio.

513 1935 549 2000 Si
563 1955 565 1960 ·
581 1957 658 2000 vero
687 1939 758 2024 quis
786 1937 871 2002 forte
901 1940 1050 2016 miretur,
1080 1935 1276 2024 Masinissae
1305 1949 1438 2021 nepotes
1466 1934 1593 2018 Solam,
1632 1933 1806 2000 fertilitatis
1829 1949 2008 2014 auctorem,
2045 1946 2135 1997 tanta

512 2069 585 2114 oum
600 2047 756 2136 religione
774 2047 925 2130 coluisse,
947 2050 975 2114 is
993 2052 1084 2128 seint,
1108 2053 1211 2134 ipsunt
1226 2048 1447 2128 Masinissam,
1471 2047 1567 2114 huius
1583 2049 1689 2134 gentis
1704 2061 1881 2126 numerem,
1903 2059 1984 2111 teste
1999 2043 2135 2128 Polybio

513 2158 769 2247 (XXXVll,3
802 2161 843 2226 ei.
873 2161 1022 2228 Strabon.
1053 2161 1171 2241 xvlt,
1194 2184 1225 2247 p.
1247 2167 1309 2228 833
1339 2158 1500 2246 Casaub.)
1536 2157 1626 2226 nulla
1652 2181 1688 2225 re
1718 2162 1821 2248 magis
1847 2161 1887 2225 de
1915 2157 2040 2224 civibus
2066 2159 2135 2222 suis

499 2265 688 2354 meruisse,
711 2293 805 2360 quant
826 2295 976 2362 agrorum
997 2273 1121 2340 cultura
1141 2275 1372 2361 promovenda.
1816 2299 1820 2308 ’

1157 2445 1161 2456 ’
1280 2453 1371 2520 LlX.

898 2587 1351 2656 ‚NUMIDICA
1401 2587 1698 2657 TERTIA.

647 2731 676 2795 ί.
726 2729 832 2796 Etiam
863 2727 917 2796 irio
940 2725 1045 2818 lepis,
1080 2727 1349 2817 praecedentibus
1377 2725 1559 2796 simillimus
1594 2731 1650 2796 sed
1683 2727 1824 2796 iubricae
1851 2725 1960 2816 paullo
1987 2727 2140 2808 rudioris,

516 2861 602 2906 anuo
628 2846 710 2910 ¹828
737 2841 780 2909 ud
808 2841 907 2909 linem
936 2858 1091 2930 vergente
1113 2843 1146 2907 in
1171 2843 1287 2906 ricinia
1309 2839 1361 2906 vel
1383 2839 1506 2926 Bedjae
1528 2843 1571 2930 (i.
1594 2865 1623 2908 e.
1646 2839 1796 2928 Vaccae)
1818 2839 1870 2908 rel
1891 2840 1961 2908 ttsf
1977 2840 2008 2930 *)
2029 2839 2141 2928 oppidi

516 2953 672 3050 (Siccae)
689 2971 851 3040 repertus,
873 2955 914 3020 ab
932 2953 1114 3020 Humberto
1128 2955 1212 3041 apud
1227 2951 1416 3019 'lunetanos
1433 2969 1548 3042 agente
1562 2965 1723 3037 coetntus,
1746 2969 1778 3022 et
1792 2957 1826 3020 iu
1843 2953 1994 3022 Museurn
2007 2952 2142 3041 Lugdu·

517 3083 619 3130 simae
634 3063 758 3132 delatus
773 3079 832 3148 est,
849 3067 906 3133 ubl
920 3067 1093 3132 etiamnum
1108 3079 1300 3131 asservator.
1331 3063 1590 3133 Delineationens
1606 3047 1687 3150 eius,
1704 3090 1785 3158 quea
1799 3089 1895 3133 veras
1909 3065 2141 3156 magnitudinis

518 3177 684 3244 dimidiam
715 3193 837 3264 partem
866 3177 981 3260 refert,
1017 3177 1225 3244 Hsrsrsenus
1248 3179 1353 3258 dedit,
1392 3155 1530 3246 llisoell.
1560 3178 1669 3247 tab.2
1698 3201 1750 3246 no.
1772 3185 1810 3258 ί;
1847 3201 1943 3269 quum
1970 3179 2140 3266 cumipse

516 3288 624 3376 lapide
648 3307 856 3378 comparans,
886 3294 965 3358 satis
987 3303 1167 3357 accuratam
1182 3313 1253 3357 esse
1267 3290 1432 3372 intellexi,
1463 3291 1542 3358 irasc
1556 3297 1617 3359 trin
1631 3305 1754 3360 tanturn
1769 3293 1971 3360 desiderent:
1990 3291 2026 3380 a)
2044 3289 2140 3356 tias

518 3421 611 3512 irps
635 3447 699 3490 non
722 3441 772 3492 est
808 3403 883 3530 Α,
911 3427 969 3494 sed
996 3397 1054 3517 73
1104 3424 1137 3513 b)
1166 3449 1186 3492 e
1213 3429 1328 3494 dextra
1357 3441 1449 3514 parta
1482 3425 1589 3493 lineae
1625 3443 1756 3518 quartae
1784 3427 1895 3516 plures
1919 3425 2050 3494 litterae
2077 3447 2139 3515 ope

519 3541 586 3610 stili
608 3546 640 3608 ri
663 3565 774 3608 erasae
796 3558 889 3624 snut,
925 3557 960 3608 ut
981 3559 1111 3633 apparet
1133 3569 1175 3612 ex
1197 3541 1430 3626 foraminibus,
1465 3569 1547 3634 quae
1573 3551 1670 3614 etiarn
1698 3553 1912 3636 (quamquam
1934 3547 2078 3632 minora)
2104 3542 2138 3612 itt

517 3653 634 3722 litteris
654 3655 759 3722 adhuc
772 3655 998 3742 superstitibus
1014 3661 1265 3746 conspiciuntur,
1287 3671 1322 3723 ut
1337 3681 1535 3748 nequaquam
1554 3662 1734 3726 consentire
1749 3661 1854 3748 possis
1868 3682 1941 3728 eunt
1952 3657 2140 3726 Hamalrero

517 3767 553 3835 in
575 3769 637 3835 hac
655 3767 876 3856 inscriptionis
892 3784 983 3857 parte
1001 3793 1140 3859 unquam
1153 3767 1279 3837 litteras
1295 3771 1395 3837 fnisse
1413 3786 1567 3860 uagante3
1602 3773 1633 3859 c)
1654 3771 1776 3860 figura,
1798 3775 1926 3861 quaein
1942 3771 2140 3839 ornamentis

517 3879 635 3969 lapidis
656 3896 731 3948 ente
753 3903 868 3948 vaccae
892 3903 929 3948 os
951 3885 1161 3972 conspicitur,
1190 3881 1346 3972 quatitque
1360 3887 1393 3949 iu
1408 3879 1465 3948 illa
1481 3883 1696 3951 delineatione
1712 3888 1769 3952 vix
1784 3905 1951 3974 agnoscas,
1974 3884 2140 3952 mulctram

519 4009 747 4080 repraesentat.
790 3993 859 4062 Nos
880 3995 1122 4084 inscriptionem
1146 3998 1185 4062 ad
1209 4019 1317 4061 reram
1340 3995 1409 4063 eius
1431 3995 1684 4086 magnitudinem
1705 3997 1869 4080 dedimus,
1890 3999 2009 4086 integri
2027 4019 2141 4063 monu-

515 4107 622 4170 menti
643 4097 890 4174 delineationem
911 4109 946 4173 in
968 4111 1075 4174 rninus
1098 4123 1303 4174 contractem.

648 4217 948 4308 interpretationem
966 4223 1036 4288 eius
1058 4222 1146 4289 dedit
1167 4217 1306 4287 Heraeis.
1319 4217 1342 4288 l.
1357 4241 1385 4287 c.
1401 4243 1472 4311 pag.
1491 4229 1527 4290 ίί
1546 4245 1614 4313 sqq.
1637 4223 1694 4290 sed
1710 4223 1912 4290 Fourmontii
1927 4222 1995 4290 lere
2009 4223 2140 4313 ingenio

522 4329 671 4418 dignam,
694 4333 726 4396 iu
742 4349 804 4419 que
826 4333 881 4398 vix
904 4305 1039 4400 duaruslt
1060 4338 1197 4402 triumve
1218 4331 1399 4400 litterarum
1420 4338 1485 4416 (9,
1509 4351 1551 4418 e,
1574 4339 1614 4421 b)
1647 4352 1786 4425 potestas
1816 4351 1903 4402 recte
1927 4335 2059 4404 delinita
2077 4351 2140 4418 est,

520 4445 674 4532 cuiusque
696 4445 873 4512 orationem
898 4443 950 4511 rel
971 4445 1114 4536 Oedipus
1136 4445 1263 4514 Poenus
1288 4469 1352 4512 nou
1375 4445 1545 4537 intelliget.
1588 4447 1681 4518 llaec
1701 4451 1786 4516 enirn
1808 4447 1883 4516 talis
1904 4466 1970 4516 est:

1048 4641 1054 4658 ,
1179 4563 1515 4662 ewnmm

1234 4695 1280 4770 qn
1304 4685 1386 4768 nnio
1410 4695 1453 4770 pq
1474 4687 1511 4745 n't

1021 4805 1044 4879 n
1066 4783 1203 4885 (teus)
1227 4792 1397 4885 nnn-ee
1419 4807 1515 4887 nese

1165 4905 1236 4994 seq
1257 4903 1320 4998 utiq

518 5007 541 5071 i.
556 5023 584 5074 e.
603 5017 743 5094 propter
760 5019 895 5096 portast
917 5007 1260 5098 (velfeesnds’toters)
1279 5021 1496 5080 omentum
1514 5021 1549 5080 rt
1557 5011 1947 5102 pergntstrnesrfosts'sss
1962 5007 2143 5080 oisc-sete·

519 5137 589 5184 rsss
610 5127 717 5187 ootesr
742 5122 813 5208 (rel
834 5124 1059 5213 sacrificiunt)
1080 5123 1315 5212 duplicabitur.
1366 5123 1494 5193 l’oocoe
1516 5123 1649 5192 deditae
1670 5121 1745 5212 (vel
1766 5133 1856 5192 rorte
1870 5125 1995 5213 lectae)
2019 5138 2142 5194 mtu-

570 5331 594 5404 ⁸)
614 5335 694 5408 osot
714 5336 883 5394 mmm
901 5339 1017 5396 naon
1037 5353 1065 5410 p.
1085 5344 1115 5394 ss
1135 5339 1229 5395 man
1243 5342 1317 5394 rens
1330 5355 1384 5440 pp
1402 5323 1638 5426 ωμίέίί),
1667 5355 1745 5396 om
1761 5355 1856 5397 errore
1872 5339 1975 5398 storin.
