4924 6304
740 657 1079 728 INSCRlP'l'IONES
1101 661 1505 735 CARTHAGINENSES
1526 669 1656 740 1-1v.
1867 709 1874 738 ·.
1933 685 2002 760 171

386 847 511 936 (Melit.
532 853 562 915 3.
587 846 699 914 Carth.
723 853 753 914 6.
773 847 905 914 Nnmid.
929 851 1066 935 1-4),
1093 854 1127 916 in
1149 850 1281 939 reliquia
1302 850 1433 939 (Carth.
1457 859 1571 945 1-5)
1599 859 1690 926 Bonl
1711 862 1884 930 Chaurana
1908 889 2004 954 copu-

382 961 467 1028 latur
482 983 554 1028 cnm
569 960 656 1028 idolo
673 959 825 1028 muliebri
839 983 900 1032 narr
912 985 939 1028 s.
953 962 1130 1030 Artemide.
1164 963 1340 1051 Imaginem
1355 983 1461 1034 autern
1478 974 1617 1038 numinis
1635 973 1734 1040 babes
1749 978 1782 1040 in
1798 961 2004 1046 monumento

382 1071 555 1140 Numidico
582 1077 688 1161 primo
716 1077 786 1160 (no.
814 1076 896 1160 tt),
932 1074 988 1140 nbi
1016 1074 1098 1142 Baal
1129 1075 1290 1142 Hammim
1319 1083 1421 1166 capite
1450 1084 1574 1148 radiato
1604 1090 1799 1174 conspicitur
1829 1093 1862 1154 in
1884 1093 2004 1159 sacello

383 1189 506 1272 positus
534 1188 615 1252 duas
645 1185 830 1252 arbusculas
859 1209 957 1253 mann
988 1203 1118 1269 tenens,
1153 1205 1269 1276 atque,
1306 1213 1346 1255 ne
1369 1192 1496 1259 dubites
1518 1193 1581 1260 Dei
1604 1197 1727 1264 Solaria
1749 1203 1922 1289 imaginem
1946 1207 2005 1272 tibi

381 1300 530 1386 depingi,
567 1301 678 1366 rudior
705 1299 791 1366 Solis
820 1303 928 1388 imago
958 1303 1155 1390 superiorem
1184 1299 1301 1388 lapidis
1331 1319 1450 1390 partem
1478 1323 1629 1397 occupat,
1662 1315 1738 1377 item
1767 1317 1800 1378 in
1824 1313 1954 1384 Numid.
1969 1329 2003 1399 4,

383 1410 439 1476 ubi
469 1410 602 1478 brachia
624 1416 695 1480 eius
717 1417 750 1478 in
774 1435 853 1480 uvas
881 1427 913 1478 et
934 1411 1019 1479 mala
1041 1417 1158 1500 punica
1177 1430 1308 1480 exeunt.
1352 1416 1559 1503 Significatur
1580 1421 1642 1488 boc
1663 1425 1869 1507 emblemate,
1900 1429 2004 1497 solem

381 1545 403 1588 a
430 1523 548 1591 Poenis
575 1524 693 1592 cultum
723 1525 889 1614 titulisque
919 1525 1113 1592 celebratum
1144 1549 1216 1593 csse
1244 1539 1352 1614 utpote
1384 1529 1558 1597 fertilitatis
1586 1550 1618 1599 et
1635 1539 1826 1624 omnigenae
1849 1541 2004 1610 ubertatis

383 1637 547 1717 datorem,
581 1639 666 1725 qnod
688 1641 791 1726 magis
814 1643 909 1706 etiam
932 1653 1071 1727 arguunt
1092 1637 1235 1727 reliquae
1256 1643 1413 1729 imagines
1435 1647 1470 1708 in
1493 1644 1544 1710 bis
1563 1645 1722 1733 lapidibus
1744 1655 1947 1738 conspicuae,
1969 1673 2005 1724 nt

383 1751 476 1830 cris,
505 1754 597 1836 equi,
628 1773 745 1818 vaccae
769 1753 841 1838 (no.
865 1755 944 1838 59),
975 1755 1101 1832 avium,
1130 1756 1282 1837 piscium,
1309 1753 1477 1836 arborum,
1506 1758 1666 1825 fructuum
1688 1776 1720 1827 et
1741 1761 1866 1830 llortrm.

508 1862 674 1930 Disertam
705 1866 885 1932 Hennam·
909 1865 993 1952 apud
1021 1879 1146 1932 veteres
1174 1869 1350 1952 scriptores
1372 1873 1568 1936 mentionem
1599 1873 1653 1938 din
1682 1874 1879 1959 desideravi,
1918 1885 2003 1969 quod

382 1974 460 2040 olirn
490 1975 575 2042 suala
602 1999 655 2043 rna
682 1977 839 2058 babebat,
872 2001 969 2066 qaum
1000 1979 1058 2043 vix
1084 1977 1251 2064 probabile
1282 1981 1462 2061 videretur,
1500 2004 1628 2050 omnem
1658 1991 1799 2054 numinis
1819 2005 1907 2057 tanta
1930 2017 2002 2064 cnm

382 2087 540 2176 religione
563 2111 582 2154 a
602 2091 720 2156 Poenis
742 2089 817 2156 culti
841 2094 1036 2158 mentionem
1057 2093 1230 2157 interiisse.
1273 2091 1420 2159 Tandem
1439 2097 1537 2160 incidi
1558 2099 1590 2161 in
1612 2098 1695 2164 dnos
1716 2099 1806 2166 locos
1822 2101 2003 2190 Strabonis,

382 2201 499 2286 quibus
520 2204 559 2268 ad
579 2207 804 2291 inscriptiones
826 2219 953 2270 nostras
973 2201 1180 2270 illustrandas
1201 2203 1283 2270 nibil
1304 2209 1575 2274 accommodatius
1603 2225 1636 2276 et
1661 2217 1846 2298 exoptatius
1869 2222 2004 2304 cogitari

381 2327 495 2398 potest.
540 2313 816 2392 Quemadmodum
839 2319 925 2382 enim
946 2318 981 2381 in
1002 2315 1054 2382 bia
1076 2315 1177 2383 titulis
1199 2333 1264 2414 qrqtq
1279 2321 1343 2404 brya
1358 2317 1526 2406 copulatur
1540 2343 1612 2386 oum
1627 2322 1700 2388 Dea
1713 2345 1775 2394 nra
1792 2329 1815 2390 i.
1830 2349 1857 2392 a.
1872 2327 2004 2400 Tanaitl

383 2439 416 2489 et
435 2424 565 2507 Anaiti,
592 2427 797 2518 Carthaginis
820 2432 976 2496 daemone
996 2417 1140 2512 tutelari,
1168 2435 1200 2496 ei
1221 2446 1328 2496 tamen
1351 2443 1460 2518 ntpnte
1482 2437 1606 2500 numini
1619 2438 1771 2522 primario
1793 2447 2002 2528 postponitur,

381 2539 428 2603 ita
458 2541 543 2627 apud
576 2542 691 2608 Persas
719 2544 868 2610 Amanus
888 2567 915 2610 s.
940 2545 1079 2610 Ostanes
1101 2548 1285 2610 communia
1307 2565 1379 2608 cnm
1401 2543 1511 2610 Anaiti
1539 2547 1657 2634 templa
1679 2549 1836 2631 babebat,
1866 2559 2000 2624 minoris

382 2665 488 2718 tamen
513 2658 711 2722 auctoritatis
744 2679 838 2744 qnam
861 2661 931 2744 ipsa
951 2659 1012 2723 dea
1033 2657 1134 2723 luisse
1157 2656 1293 2721 ridetur.
1337 2655 1453 2722 Strabo
1475 2659 1570 2738 xta
1592 2662 1621 2740 l.
1641 2671 1664 2726 4
1685 2665 1724 2728 de
1747 2663 1838 2730 Sacis
1860 2665 2001 2736 Saccaea

381 2763 634 2834 celebrantibus:
662 2768 699 2836 sb
720 2777 776 2854 τῆς
796 2769 1016 2849 >tentantes
1037 2773 1087 2838 sol
1108 2743 1144 2836 (ὁ
1166 2775 1230 2836 τῶν
1251 2769 1478 2854 συμβώμων
1499 2776 1584 2838 θεῶν
1604 2773 1687 2858 ἱερὸν
1709 2775 1874 2859 ἱδρύσαντο
1890 2779 2000 2863 'lipa-

381 2886 450 2944 νοῦ
472 2882 536 2966 (ita
557 2883 669 2962 codd,
690 2883 765 2949 edd.
782 2882 936 2970 Ἀμανοῦ)
958 2887 1009 2950 acl
1026 2882 1215 2950 Ἀνανδᾶτου
1234 2873 1403 2970 Περσικῶῖ
1411 2883 1577 2966 δαιμόνων.
1620 2887 1703 2970 (Pro
1719 2887 1909 2956 urmatten
1927 2915 1999 2960 oum

333 3047 340 3063 ,
383 2989 456 3058 aliis
485 2991 594 3060 malim
623 2994 820 3078 Ἀμανδᾶτου
847 3014 956 3068 aaran
984 3019 1006 3062 c
1035 2996 1113 3063 Sole
1144 2998 1270 3077 dates,
1307 3011 1343 3062 ut
1368 2993 1457 3062 filius
1485 3002 1641 3084 geniusve
1671 2999 1758 3066 Solis
1792 3002 2000 3092 intelligatur.

383 3103 504 3172 {leland
527 3107 605 3174 diss.
621 3108 755 3174 miscell.
771 3107 813 3189 ll,
829 3132 858 3196 p.
875 3116 935 3175 123
958 3113 1137 3196 uspicatur
1151 3107 1347 3194 >inoptatae
1367 3113 1461 3210 blasi
1474 3115 1498 3204 )
1541 3111 1629 3177 ltlem
1649 3111 1729 3192 XV,
1752 3119 1771 3179 3
1793 3118 1819 3194 §-
1837 3122 1875 3182 tt
1891 3140 1922 3205 p.
1937 3123 2001 3188 733
2142 3175 2146 3184 .

383 3221 520 3292 Casenb.
547 3231 657 3292 Ταῦτα
678 3227 768 3312 (scil.
791 3231 974 3294 sacerdotes
995 3250 1105 3314 preces
1125 3226 1232 3291 facere
1253 3225 1376 3292 velatos
1405 3241 1437 3291 et
1460 3233 1620 3316 virgarum
1642 3231 1814 3328 fasciculos
1834 3239 1999 3324 tenentes)

382 3337 415 3404 δ’
439 3339 472 3405 ἓν
492 3350 558 3416 τοῖς
578 3345 648 3422 τῆς
665 3339 888 3418 {iaciendos
917 3343 981 3406 acl
1003 3347 1072 3406 τοῦ
1097 3338 1270 3418 'tritavos
1299 3341 1395 3422 (cdd.
1414 3339 1568 3423 Ὀμανοῦ,
1586 3341 1744 3426 Ὠμανοῦ,
1768 3344 1914 3411 Moscov.
1937 3363 2000 3416 vet.

381 3453 440 3516 int.
470 3452 609 3537 Amani)
637 3451 730 3536 ἱεροῖς
759 3451 950 3534 νενόμισται·
987 3452 1107 3517 τούτων
1136 3450 1171 3514 δὲ
1199 3451 1249 3514 καὶ
1278 3453 1370 3534 oqaol
1403 3454 1478 3528 elce,
1515 3456 1565 3518 ani
1596 3455 1706 3532 ξόανον
1736 3463 1805 3521 τοῦ
1829 3458 2001 3542 Ὠμανοῦ

383 3563 538 3647 πομπεύει.
584 3570 693 3629 Ταῦτα
713 3565 770 3646 μὲν
792 3557 846 3630 obv
867 3561 954 3649 ἡμεῖς
975 3559 1170 3648 ἑωράκαμεν·
1200 3561 1298 3627 taetra
1320 3561 1352 3627 δ’
1370 3562 1403 3628 ἓν
1423 3573 1491 3640 ταῖς
1504 3564 1654 3651 ἱστορίαις
1668 3543 1784 3652 llylsat
1805 3593 1833 3636 st.
1849 3595 1878 3635 τ.
1893 3577 1922 3637 λ.
1943 3573 2001 3639 nbi

382 3681 447 3742 iam
476 3675 670 3744 Bocbartnm
699 3679 828 3766 (geogr.
857 3699 884 3742 s.
921 3699 992 3764 pag.
1015 3677 1095 3760 245)
1136 3689 1230 3762 atque
1259 3674 1411 3758 Hydenm
1441 3677 1501 3760 (da
1531 3677 1589 3744 rel.
1620 3693 1683 3742 vat.
1715 3680 1805 3746 Pe'ra.
1838 3703 1913 3769 pag.
1936 3687 1999 3770 94)

383 3789 544 3856 Omanum
565 3813 636 3856 cum
657 3809 755 3886 nrqrqty
778 3791 883 3855 obiter
898 3811 1099 3876 comparasse
1113 3788 1220 3852 video.
1264 3783 1420 3850 Occurrat
1437 3787 1520 3852 forte
1535 3781 1660 3876 aliquia,
1685 3795 1867 3856 communia
1882 3791 2001 3862 Omani

383 3927 410 3971 a.
433 3905 551 3970 Amani
574 3920 607 3968 ct
626 3903 788 3968 Anaitidis
809 3925 901 3968 sacra
923 3903 1007 3988 apud
1030 3901 1219 3966 Strabonem
1244 3897 1372 3983 Scythis
1403 3914 1435 3963 et
1461 3901 1569 3966 Persis
1592 3901 1708 3983 tribui,
1739 3906 1833 3991 idque
1856 3904 1939 3969 nibil
1958 3910 2000 3974 ad

382 4017 570 4083 Phoenices.
620 4015 685 4081 Sed
721 4018 750 4080 is
788 4017 995 4094 memorab,
1032 4013 1171 4080 Saccaea
1203 4034 1223 4076 a
1253 4009 1380 4096 Scythis
1410 4011 1573 4078 celebrata
1600 4015 1716 4080 festum
1746 4017 1846 4082 fnisse
1875 4021 2000 4106 origine

382 4127 616 4214 Babylonicum
646 4129 698 4214 (v.
728 4127 847 4192 Athen.
878 4133 935 4206 14,
961 4133 1001 4192 10
1030 4127 1140 4215 ibique
1169 4123 1307 4190 Casanb.
1337 4123 1480 4209 Hesycb.
1502 4125 1548 4206 ll,
1571 4131 1690 4213 1139),
1726 4143 1759 4193 et
1786 4129 1949 4197 Anaitidis
1974 4155 2000 4200 s.

383 4241 523 4308 Veneris
545 4241 687 4308 Uraniae
708 4240 826 4306 cultum
849 4253 931 4303 teste
954 4239 1119 4305 Herodoto
1149 4241 1200 4326 (1,
1225 4240 1305 4324 131)
1330 4239 1370 4304 ab
1392 4237 1536 4323 Assyriis
1559 4245 1580 4306 i.
1601 4263 1630 4306 e.
1653 4239 1842 4326 Babyloniis
1865 4257 1897 4308 et
1919 4245 2001 4311 Ara·

384 4355 477 4422 bibas
494 4377 566 4421 esse
581 4358 758 4440 repetitum.
772 4387 815 4402 -
835 4351 887 4417 At
902 4351 1099 4436 Babylonios
1110 4353 1323 4418 Humanarum
1340 4351 1482 4418 colentes
1492 4355 1557 4418 iam
1572 4351 1697 4420 delatus
1713 4378 1866 4442 quaerere
1884 4361 2000 4442 possis,

383 4472 464 4534 sitne
486 4467 593 4554 aliqua
615 4469 700 4531 inter
726 4485 791 4562 'pqq
812 4479 844 4528 et
863 4440 995 4548 'tiaram
1018 4465 1231 4530 necessitudo.
1276 4466 1341 4530 Sed
1365 4464 1447 4530 baec
1468 4464 1667 4554 Mytbologis
1689 4467 1880 4554 disputanda
1900 4467 2001 4534 relin-

383 4584 508 4668 quimus
532 4581 581 4664 (r.
605 4577 758 4644 Crenaeri
778 4574 923 4664 Symbol.
946 4575 987 4655 ll,
1013 4599 1040 4661 p.
1054 4581 1091 4641 31
1109 4577 1187 4662 not)
1209 4577 1304 4644 aliam
1328 4600 1412 4643 nuno
1434 4581 1652 4666 quaestionem
1674 4581 1809 4646 strictim
1835 4585 2000 4646 tractaturi

383 4716 454 4760 cnm
483 4709 672 4780 argumento
694 4707 803 4757 nostro
827 4691 957 4776 propius
976 4691 1186 4754 coniunctam.
1619 4669 1624 4682 ¹

509 4804 655 4894 Namque
677 4807 716 4870 de
739 4806 863 4890 origine
885 4804 1100 4867 communium
1121 4804 1207 4888 apud
1228 4803 1354 4868 Poenos
1377 4804 1554 4890 Persasque
1573 4803 1748 4869 Hammoni
1770 4817 1801 4868 et
1817 4799 1999 4872 Tanaitidis

384 4921 483 5006 (msa)
513 4939 679 4985 sacrorum
709 4915 932 5005 quaerentibus
955 4913 1065 4993 nobis,
1102 4906 1135 4977 el
1155 4913 1253 5001 longe
1274 4915 1442 5002 plerasque
1463 4915 1645 4981 Poenorum
1669 4913 1842 5002 religiones
1865 4917 2000 5004 originis

384 5035 588 5122 aegyptiacae
611 5053 683 5098 essa
704 5033 731 5118 *)
753 5025 974 5116 reputantibus
997 5039 1111 5114 sponte
1133 5031 1289 5092 succurrit
1311 5051 1350 5092 ea
1373 5030 1542 5115 cogitatio,
1575 5030 1671 5092 etiarn
1693 5025 1809 5094 borum
1832 5033 1999 5096 numinum

381 5197 762 5208 ——u—-ss—-·—-

438 5284 462 5358 ⁸)
476 5291 603 5344 Decnltn
620 5289 762 5342 Ostrtdtset
777 5289 908 5357 Serapidi
921 5287 991 5356 apnd
1004 5285 1155 5342 Phoenices
1224 5283 1270 5338 lib.
1297 5283 1350 5352 111,
1372 5286 1414 5340 13.
1454 5283 1599 5340 Praeterea
1620 5285 1794 5358 aegyptiacae
1817 5285 1930 5359 originis
1957 5297 1998 5342 est

388 5385 503 5440 diximus
530 5387 563 5440 sd
584 5385 665 5440 incer.
688 5383 776 5438 Melit.
799 5389 832 5450 1,
854 5385 891 5438 ci.
908 5399 1006 5439 ntrrnos
1023 5382 1156 5453 Corcyrae
1226 5383 1313 5436 cultus
1342 5379 1442 5436 &miri
1468 5399 1490 5436 s.
1519 5382 1674 5456 Aesculapii
1706 5383 1779 5452 (vid.
1806 5386 1841 5438 ad
1869 5383 1920 5438 cn.
1944 5385 1997 5452 4),

1542 5489 1621 5551 22*
