4902 6306
496 649 544 726 18
601 643 734 711 LIBER
756 643 931 712 PRIMUS.
973 639 1348 710 Pannaocttneffla
1373 639 1627 709 illocalem.
1671 639 1819 710 CAPUT
1841 639 2056 740 TElll'lUbl.

1251 833 1279 910 ι.
1304 833 1355 893 ιο.

692 967 751 1034 De
781 971 916 1033 curiit
943 964 1335 1051 nuttuuefr'gurne
1362 971 1512 1030 tantist
1541 975 1734 1032 statutae
1764 974 1921 1033 cassis.

619 1105 682 1171 Sed
696 1106 815 1190 primae
830 1117 861 1166 et
875 1103 1001 1166 nativae
1015 1099 1093 1166 illae
1108 1097 1337 1166 elementorum
1346 1099 1470 1188 figurae
1479 1115 1591 1188 postea
1602 1103 1700 1166 variis
1716 1101 1756 1166 de
1770 1105 1876 1168 musis
1890 1115 2122 1170 motataesoot.

621 1217 670 1282 Ac
680 1223 821 1302 primunr
836 1217 975 1302 quidem,
993 1228 1027 1279 ut
1039 1215 1134 1280 modo
1148 1211 1413 1301 significavimus,
1426 1235 1574 1302 magnam
1589 1236 1629 1278 ea
1641 1217 1675 1280 in
1689 1235 1725 1278 re
1739 1215 1803 1278 vim
1817 1213 1928 1280 habuit
1943 1215 2122 1281 acribarum

494 1332 618 1399 desidia
637 1331 741 1394 dicam
762 1351 804 1395 an
826 1327 1030 1408 festinantia,
1052 1341 1089 1392 nt
1110 1327 1209 1392 verbo
1233 1327 1355 1406 dicam,
1386 1325 1649 1416 tucdpgropdt'n‚
1680 1348 1762 1416 quae
1786 1325 1867 1392 talea
1891 1325 2123 1394 elementorum

493 1443 613 1532 figuras
635 1441 790 1529 poscebat
809 1457 843 1507 et
866 1439 1036 1529 gignebat,
1066 1463 1147 1528 qnae
1170 1437 1336 1520 celeriter,
1367 1437 1521 1506 facillimo
1547 1443 1697 1528 negotio,
1719 1453 1752 1504 et
1775 1439 1826 1505 vel
1850 1463 1914 1507 uno
1937 1439 2122 1528 vel²pancis

493 1561 608 1630 calami
631 1557 779 1625 ductibus
800 1555 889 1640 pingi
911 1567 1051 1640 possent.
1095 1551 1287 1641 Quanquam
1308 1555 1395 1617 enim
1418 1575 1503 1618 nrrnu
1525 1549 1615 1617 nulla
1641 1551 1706 1617 alia
1733 1556 1910 1639 scripturae
1932 1553 2124 1642 phoeniciae

492 1687 700 1742 monumenta
719 1679 906 1756 supersunt,
929 1687 1023 1753 qnam
1046 1687 1127 1752 quae
1151 1665 1312 1752 lapidibus
1333 1686 1467 1751 operose
1480 1663 1639 1751 insculpta
1653 1679 1708 1730 ant
1722 1663 1851 1743 metallo
1868 1669 2026 1754 impressa
2045 1671 2123 1748 sint,

494 1811 589 1856 nemo
610 1801 717 1852 temen
736 1779 911 1858 dubitabit,
935 1783 1012 1866 quin
1025 1777 1203 1844 Phoenices
1213 1827 1224 1858 ,
1243 1775 1427 1842 mortalium
1440 1775 1672 1856 sollertissimi,
1695 1791 1762 1843 tum
1784 1775 1925 1844 inlibris
1941 1780 2122 1848 scribendis

493 1917 561 1968 tnnr
581 1901 722 1964 maxime
736 1885 777 1960 'in
798 1893 990 1958 commercio
1013 1891 1195 1956 exercendo
1217 1889 1314 1956 celeri
1341 1893 1436 1956 etiarn
1460 1891 1494 1956 in
1523 1890 1635 1956 charta
1656 1911 1850 1978 pergamena
1872 1889 1923 1955 vel
1944 1914 2123 1979 papyraceo

493 2011 655 2081 scribendi
683 2027 803 2096 genera
825 2007 875 2070 usi
894 2005 959 2072 sint
975 2017 1026 2084 et,
1048 2005 1169 2090 pariter
1189 2018 1283 2092 utque
1305 2003 1463 2084 Hebraei,
1485 2001 1720 2092 taebygrapbos
1743 2007 1841 2100 (unq
1864 2011 1930 2094 πρὸ
1954 2005 2002 2071 Ps
2017 2011 2070 2087 45,
2086 2007 2123 2092 2)

495 2124 676 2190 babuerint.
719 2119 817 2208 ldqne
838 2121 941 2206 ipsum
963 2119 1139 2203 scripturae
1160 2114 1347 2202 phoeniciae
1369 2115 1503 2182 biatoriu
1525 2118 1627 2182 docet.
1672 2113 1819 2204 Namque
1837 2119 1934 2182 etiarn
1956 2120 1989 2183 in
2009 2139 2121 2184 munu-

494 2239 612 2303 mentis
642 2235 761 2300 nustria
794 2229 947 2317 lapideis,
982 2231 1094 2294 aeneis
1127 2230 1353 2316 argenteisque
1384 2229 1540 2295 inferiore
1574 2243 1679 2294 uetare
1719 2232 1849 2295 nonnisi
1886 2229 1967 2297 tales
1997 2231 2121 2324 figurae

495 2362 693 2434 comparent,
723 2367 803 2434 qnae
832 2343 976 2431 fugiente
1004 2344 1097 2430 quasi
1123 2339 1246 2407 calam
1266 2343 1356 2430 pingi
1378 2353 1544 2430 poterant;
1573 2345 1628 2408 ita*
1647 2353 1682 2408 ut
1703 2357 1871 2430 appareat,
1899 2343 1957 2410 illo
1980 2360 2122 2432 tempore

493 2463 558 2528 iam
580 2457 685 2526 nullas
706 2457 786 2522 alias
810 2459 842 2521 in
869 2478 931 2522 usn
951 2455 1064 2521 tutan.
1810 2527 1814 2540 ¹

621 2573 745 2638 Altero
771 2583 962 2636 mutatorum
985 2566 1162 2655 figurarum
1185 2589 1283 2633 eausa
1313 2569 1347 2632 in
1376 2567 1554 2634 scribarum
1582 2565 1727 2634 artificiis
1754 2591 1782 2634 s.
1814 2571 1847 2634 in
1878 2571 2123 2658 cullt'grupds'ue

494 2686 604 2753 stadio
622 2683 804 2773 quaerenda
824 2696 883 2748 est.
926 2679 1014 2746 Huic
1027 2695 1134 2745 autem
1149 2679 1338 2746 tribuendae
1353 2679 1596 2747 artificiosioras
1615 2679 1792 2746 litterarum
1814 2681 1957 2770 figurae,
1979 2685 2067 2750 velut
2087 2683 2123 2774 a)

494 2821 576 2888 quae
595 2800 699 2884 scapis
722 2795 951 2874 cremissimis,
979 2791 1074 2860 lineis
1095 2808 1199 2859 antem
1221 2796 1413 2860 transversis
1433 2795 1629 2860 tenuissimis
1658 2796 1764 2880 pictae
1791 2811 1867 2860 sunt
1890 2801 1966 2880 (stit
1989 2797 2122 2864 Grand-

493 2911 639 2979 rtrs'clen
654 2909 724 2976 aad
736 2905 1016 2992 Haerentem),
1039 2921 1074 2971 nt
1090 2908 1124 2970 in
1143 2909 1249 2972 numia
1265 2903 1478 2992 Syracusanis
1492 2921 1525 2971 at
1539 2905 1791 2983 Panormitaoiu3
1814 2907 1850 2992 b)
1867 2931 1999 2996 quarum
2014 2909 2121 2978 lineae

493 3027 528 3090 in
548 3021 714 3110 globulus,
742 3041 806 3084 non
830 3023 863 3084 in
885 3021 991 3098 acies,
1022 3033 1161 3098 exeunt,
1189 3017 1242 3082 sel
1269 3019 1350 3083 adeo
1369 3015 1510 3104 globulis
1532 3021 1756 3104 margaritisre
1782 3035 1929 3086 constare
1959 3025 2120 3105 videntur,

493 3151 529 3203 nt
556 3137 590 3200 iu
619 3129 801 3220 epigraphis
824 3129 1049 3196 nonnullorum
1067 3127 1277 3196 Tarsensium
1296 3129 1352 3217 (ef.
1373 3131 1479 3218 capita
1500 3151 1637 3217 superna
1660 3145 1753 3197 acuta
1773 3135 1807 3198 in
1824 3131 1934 3200 Cartb.
1950 3137 2001 3222 9);
2025 3140 2122 3202 etiam

493 3245 555 3312 boc
586 3247 617 3332 c)
640 3241 869 3331 calligrapbiae
899 3242 1059 3329 quoddam
1086 3241 1228 3306 studium
1259 3239 1406 3306 redolere
1434 3243 1577 3322 videtur,
1607 3245 1692 3332 quod
1721 3247 1871 3313 nonnulli
1892 3253 2058 3330 statuarii,
2086 3253 2122 3315 itt

494 3361 608 3425 eodem
643 3369 850 3422 monumento
884 3355 1041 3440 pervariis
1075 3353 1219 3419 eiusdem
1251 3351 1377 3418 litterae
1412 3351 1526 3442 figuris
1561 3353 1708 3422 consulto
1744 3361 1794 3424 usi
1829 3375 1921 3440 suut,
1960 3359 2059 3426 veluti
2086 3363 2123 3427 in

493 3476 589 3538 inser.
609 3470 758 3554 Erycina.

626 3583 742 3648 Tertia
765 3581 921 3669 quaedam
938 3577 1113 3667 figurarunt
1134 3577 1196 3644 boe
1224 3577 1277 3642 vel
1306 3577 1362 3645 illo
1389 3579 1483 3644 modo
1515 3581 1670 3667 pictarum
1701 3604 1798 3648 causa
1821 3605 1885 3648 non
1908 3605 2041 3670 prorsus
2064 3585 2120 3651 illa

493 3699 621 3789 quidem
637 3695 846 3783 negligenda,
869 3693 1050 3780 quaerenda
1064 3705 1113 3758 est
1128 3693 1161 3756 in
1176 3699 1302 3779 sputr'o,
1324 3692 1408 3779 quod
1430 3715 1626 3780 quorumque
1644 3709 1922 3762 monumentorum
1940 3699 2121 3786 inscriptio-

493 3811 588 3877 nibus
615 3829 802 3875 concessum
831 3805 983 3872 videbant
1014 3803 1165 3870 artifices.
1213 3803 1281 3870 Ubi
1309 3803 1448 3890 anaplum
1477 3819 1546 3869 erat
1572 3807 1711 3890 epatium
1742 3829 1921 3895 magnaque
1950 3832 2043 3892 area,
2080 3833 2121 3878 ea

493 3928 589 3990 etiam
612 3923 722 4008 paucis
743 3919 859 3986 litteris
881 3933 1041 4005 utcunque
1063 3915 1224 4004 implenda
1252 3932 1338 3992 erat;
1369 3917 1423 3981 ubi
1445 3930 1615 4002 unguntum
1637 3931 1670 3984 et
1690 3920 1894 4006 depressum,
1922 3921 2048 3990 litterae
2075 3929 2122 3992 ita

493 4035 661 4123 eligendae
682 4049 716 4098 et
737 4037 781 4100 ita
804 4033 984 4120 pingendae
1005 4045 1114 4109 erant,
1143 4045 1177 4094 ut
1204 4052 1300 4096 arene
1329 4031 1495 4116 angustiae
1523 4029 1680 4112 ferebant.
1724 4033 1779 4098 Siu
1807 4037 1840 4100 in
1870 4035 2059 4104 Cossoraeis
2079 4041 2119 4114 E.

493 4148 531 4212 F.
553 4147 616 4226 H„
647 4149 681 4210 ιιι
705 4145 894 4232 impleretur
914 4166 990 4210 area
1011 4165 1131 4223 vacua,
1154 4142 1280 4230 ellepb,
1303 4139 1405 4222 Beth,
1436 4140 1524 4208 Mem
1545 4140 1651 4230 longis
1672 4149 1783 4212 caudis
1806 4153 1946 4214 monitae
1969 4167 2058 4232 sunt,
2086 4156 2121 4220 in

494 4283 592 4328 namo
613 4257 743 4324 Africae
766 4261 886 4324 incerto
915 4255 997 4342 (litt.
1018 4255 1075 4343 M)
1107 4255 1190 4322 Cbet
1217 4259 1251 4322 in
1275 4254 1433 4343 duplicem
1460 4251 1694 4342 longitudinem
1716 4275 1920 4346 protensum:
1952 4279 2063 4328 contra
2086 4267 2119 4330 in

496 4375 602 4440 numia
625 4371 787 4450 Sidoniis,
808 4369 864 4436 obi
880 4371 1032 4457 exignum
1049 4383 1082 4434 et
1096 4372 1280 4456 depressum
1297 4365 1487 4456 epigraphen
1509 4371 1541 4434 in
1564 4367 1676 4437 infimo
1699 4395 1797 4438 numo
1820 4375 1914 4452 (dans
1936 4373 2120 4462 l'exergna)

493 4488 632 4574 spatium
654 4497 739 4562 erat,
760 4481 886 4548 litterae
907 4480 1073 4570 longiores
1096 4481 1148 4547 vel
1170 4483 1320 4563 altiores,
1342 4483 1481 4560 Lamud,
1505 4481 1600 4564 Nun,
1622 4483 1711 4550 Mem
1732 4483 1904 4550 inclinatae
1926 4502 1958 4552 et
1978 4489 2120 4556 iacentes

494 4609 600 4694 potius
622 4606 724 4691 pictae
746 4617 838 4681 sunt,
862 4624 957 4690 quarn
977 4617 1103 4668 erectae
1126 4621 1233 4688 Q,
1255 4606 1347 4698 ΙἿ,
1369 4601 1470 4718 ΗἾ.
1515 4603 1608 4672 Adde
1637 4603 1726 4669 alind
1755 4605 1909 4668 eximium
1935 4603 2117 4692 exemplum

495 4727 529 4788 in
551 4725 648 4789 inser.
671 4719 803 4786 Numid.
826 4727 862 4800 6,
885 4719 942 4787 lin.
962 4733 994 4788 4.
1017 4721 1078 4788 litt.
1102 4731 1117 4790 1
1144 4723 1304 4810 (Lauredb

621 4833 769 4922 Denique
797 4838 893 4900 etiam
917 4843 1174 4922 perspicuitatis
1201 4837 1310 4902 studio
1332 4833 1487 4903 nonnulla
1508 4849 1630 4901 mutata
1652 4855 1724 4899 esse
1745 4836 1904 4900 ridentur.
1948 4833 2119 4922 Postquam

496 4952 582 5014 enim
608 4947 894 5034 tacbygrapborum
921 4947 1117 5036 negligentia
1144 4965 1253 5016 uetera
1278 4947 1335 5014 illo
1364 4963 1397 5015 et
1421 4948 1564 5035 legitima
1584 4945 1761 5012 litterarum
1783 4948 1989 5028 discrimina,
2020 4946 2119 5016 veluti

495 5061 674 5128 litterarum
697 5059 779 5124 Betb
799 5075 831 5127 et
854 5059 977 5143 Resub,
1008 5061 1060 5127 bic
1081 5059 1148 5127 illic
1170 5065 1332 5150 perierant
1352 5078 1446 5149 atqua
1467 5061 1670 5124 metuendum
1693 5074 1778 5142 erat,
1808 5082 1848 5126 ne
1871 5059 1964 5147 plane
1987 5061 2121 5128 coniun-

496 5177 648 5244 derentur
674 5172 754 5238 baec
781 5173 959 5256 elementa,
989 5177 1030 5240 de
1058 5177 1099 5242 iis
1128 5177 1233 5244 denuo
1263 5173 1481 5242 discernendis
1505 5175 1646 5260 cogitare
1668 5189 1851 5260 coeperunt.
1895 5173 1999 5262 Atque
2018 5178 2062 5242 ita
2083 5179 2117 5242 in

496 5321 602 5388 littera
624 5320 731 5388 Rosci
753 5320 871 5387 iactum
895 5343 968 5389 esse
989 5335 1109 5390 certum
1133 5339 1194 5408 est,
1217 5346 1311 5412 qnam
1333 5321 1529 5390 recentiores
1552 5294 1718 5436 quuore
1731 5319 1947 5390 Rornanorum
1962 5324 2117 5392 scribunt.
