5016 6294
521 639 597 716 tat
656 629 1047 703 atanasacunnns.
1075 625 1409 698 tasoarrmonas
1425 625 1709 698 enoamcraa.
1738 625 1884 694 cnam
1899 607 2100 694 sexuum

521 823 704 912 Templium
725 837 872 910 superest
891 822 999 900 Men,
1028 821 1111 905 opud
1129 817 1283 906 Borgieru
1305 827 1469 902 praeterea
1490 829 1545 902 Θ,
1572 816 1627 880 sed
1644 813 1815 880 delendum
1832 816 1978 880 videatur
1992 831 2145 902 punctum

519 941 553 1004 in
575 939 698 1016 medio,
727 947 762 1002 ut
776 933 883 1001 Rercl
900 937 953 998 sit.
996 947 1040 1002 c¹t
1055 945 1162 998 autem
1179 946 1254 997 sunt
1271 932 1353 995 dose
1368 943 1532 994 extremae
1547 927 1674 994 litterae
1690 930 1830 994 nominis
1846 931 1964 1014 proprii
1981 943 2144 1002 aaronem.
2211 1007 2215 1022 Ι

652 1131 727 1196 Lin.
749 1137 780 1196 3.
825 1127 870 1195 Ut
893 1152 912 1192 a
934 1131 1047 1194 dextra
1070 1121 1251 1207 ordiamur,
1284 1140 1357 1214 post
1382 1128 1445 1191 dno
1470 1129 1564 1212 signa
1588 1127 1712 1190 incerta
1733 1123 1852 1212 (Borg.
1876 1147 1940 1189 nou
1963 1129 2026 1190 nisi
2048 1148 2147 1192 unum

522 1245 655 1329 babet),
692 1265 773 1329 quae
799 1245 975 1320 mittimus,
1012 1256 1188 1328 sequuntur
1219 1241 1281 1304 duo
1304 1239 1417 1318 fitam
1446 1239 1665 1324 designantia,
1701 1239 1776 1302 dein
1808 1260 1839 1302 ιι.
1870 1261 1917 1324 pr.
1949 1258 2054 1306 noae*
2091 1241 2145 1324 (v.

521 1355 658 1443 supra),
696 1370 728 1419 et
758 1371 829 1442 post
857 1357 1002 1418 iteratam
1030 1353 1109 1431 fita·
1144 1355 1337 1417 mentionem
1365 1353 1427 1415 tria
1454 1352 1565 1436 sigua,
1604 1372 1685 1436 quoe
1715 1351 1911 1436 respondent
1941 1351 2067 1417 Punicis
2099 1365 2143 1438 Ἧι

522 1483 555 1534 et
573 1490 684 1556 regem
706 1469 876 1554 designare
892 1467 1020 1532 debent.
1065 1463 1210 1541 Quorum
1228 1466 1362 1550 primum
1379 1459 1530 1542 estPlle,
1555 1466 1684 1528 tertium
1704 1462 1812 1550 Caph,
1835 1465 1974 1528 medium
1989 1467 2146 1550 ignotum,

524 1581 649 1646 dnobus
677 1579 801 1644 Lamed
831 1577 952 1656 simile,
983 1581 1079 1642 etiam
1109 1576 1188 1641 alibi
1218 1575 1297 1660 (liu.
1324 1581 1352 1642 5.
1374 1581 1404 1640 6.
1427 1577 1466 1660 7)
1495 1575 1644 1654 οΙιιίιιιιι,
1680 1577 1736 1640 sed
1766 1578 1800 1640 in
1822 1576 1929 1641 verbis
1952 1597 2015 1640 non
2041 1579 2147 1642 ruinas

525 1692 681 1772 obscuris.
724 1692 876 1756 Fortasse
897 1689 976 1754 illud
1007 1690 1074 1754 Vno
1097 1703 1162 1768 est,
1192 1705 1224 1752 et
1246 1686 1418 1774 legendnm
1441 1700 1498 1778 'pto
1523 1690 1543 1768 (
1547 1687 1653 1766 Pecs,
1677 1686 1767 1752 Bdclt
1769 1692 1789 1770 )
1814 1703 1997 1775 corruptum
2011 1687 2090 1753 illud
2106 1710 2149 1754 ex
2217 1759 2220 1766 ,

526 1808 610 1893 73⁷2,
642 1820 678 1870 ut
697 1807 730 1868 in
751 1803 907 1881 Muclus,
928 1801 1074 1868 Bocchus
1102 1803 1152 1886 (v.
1174 1799 1227 1864 lib.
1249 1798 1299 1864 lV
1319 1823 1346 1864 c.
1366 1805 1386 1864 3
1408 1800 1440 1869 lr.
1461 1802 1535 1884 v.)‚
1573 1801 1730 1887 siquidem
1750 1799 1862 1887 lingna
1882 1799 2007 1886 Libyca
2025 1801 2148 1868 Punica

526 1917 643 1997 verba,
671 1939 776 2003 eaque
793 1928 956 1982 contracta
977 1929 1009 1980 et
1032 1893 1214 1992 decurtata,
1234 1911 1413 1998 „adoptasse
1437 1901 1571 1977 videtur.

656 2105 706 2170 De
727 2105 785 2170 lin.
807 2115 829 2170 4
851 2108 947 2170 etiem
969 2108 1002 2170 in
1024 2105 1159 2188 Libycis
1181 2103 1333 2190 legenda:
1364 2105 1477 2174 benno
1501 2103 1578 2194 (qu)
1601 2105 1679 2172 *aba
1708 2105 1772 2170 iem
1795 2125 1892 2190 supra
1915 2106 2063 2169 vidimus.

595 2263 600 2276 .
655 2296 730 2361 Lin.
753 2303 772 2362 5
802 2318 822 2360 a
848 2299 979 2361 sinistre
1009 2317 1123 2360 manca
1153 2295 1254 2360 videri
1276 2297 1396 2381 possit,
1434 2317 1532 2380 quum
1553 2293 1679 2360 litterae
1702 2317 1802 2382 nsque
1825 2297 1865 2360 ed
1887 2297 2063 2382 marginem
2086 2315 2149 2360 uon

530 2413 729 2497 pertineant,
766 2410 823 2474 sed
852 2407 934 2474 nihil
962 2410 1061 2474 deest.
1105 2408 1213 2472 Prima
1234 2419 1339 2472 autem
1363 2429 1473 2473 versus
1493 2429 1565 2493 pars
1586 2411 1619 2472 in
1644 2421 1735 2472 textu
1757 2406 1881 2492 Libyco
1904 2407 2053 2473 inbuere
2075 2429 2152 2472 cun·
2174 2417 2175 2424 ’

528 2537 629 2588 tracta
653 2521 788 2586 videtur.
832 2520 877 2586 Ut
898 2543 917 2584 a
939 2523 1069 2586 sinistra
1090 2522 1269 2600 ordiamur,
1310 2523 1448 2608 quinque
1476 2534 1620 2586 extreme
1641 2523 1870 2613 versusvsigna
1892 2519 1999 2586 valent
2018 2523 2151 2598 5:052,

529 2648 564 2700 ut
584 2631 642 2700 liu.
663 2642 685 2699 4
706 2633 757 2720 (v.
775 2633 907 2719 supra).
951 2633 1027 2698 Post
1048 2645 1199 2720 punctum
1222 2631 1384 2718 (Zaioi),
1415 2647 1591 2720 sequnntur
1612 2633 1737 2698 litterae
1759 2633 1822 2698 iatn
1846 2647 1939 2698 notae
1962 2635 2045 2712 butu,
2070 2653 2152 2718 quaa

529 2748 724 2833 respondent
745 2746 874 2811 Punicis
896 2748 987 2815 batt:
1011 2747 1048 2834 (b¹
1065 2751 1171 2834 bega).
1217 2743 1305 2810 Num
1327 2748 1426 2832 igitur
1449 2744 1570 2830 Libyes
1600 2769 1656 2832 pru
1681 2763 1750 2814 tos:
1775 2746 1925 2810 dixerunt
1954 2751 1998 2814 ios
2024 2745 2154 2811 abiecto

531 2860 574 2926 ol
605 2859 758 2923 Sancite
780 2861 920 2923 videtur:
951 2834 1154 2924 certeetiam
1175 2857 1267 2924 lin.7
1289 2880 1346 2943 pro
1365 2862 1450 2929 beot:
1471 2861 1506 2954 ‘in
1522 2859 1656 2942 Libycis
1680 2874 1729 2923 est
1748 2875 1825 2926 aaa.
1848 2893 1887 2908 -·
1916 2855 2046 2935 Trium,
2069 2878 2153 2944 quae

531 2960 724 3059 sequuntur,
753 2969 931 3035 litterarum
953 2974 1078 3056 punctis
1101 2970 1295 3036 inclusarum
1318 2959 1471 3034 extrema
1484 2985 1533 3035 est
1551 2969 1634 3049 ch,
1663 2973 1745 3035 duae
1766 2971 1989 3056 praecedentes
2003 2970 2059 3035 He
2080 2989 2153 3033 esse

532 3084 680 3156 videntur
703 3082 762 3166 (cf.
777 3081 829 3146 He
842 3081 1040 3148 Phoenicum
1083 3073 1117 3168 Ξ
1156 3097 1188 3148 et
1213 3079 1249 3185 Ε
1273 3065 1512 3168 Graecorum),
1542 3081 1762 3148 itautlitteris
1781 3099 1842 3152 artat
1867 3083 2058 3168 respondeat
2081 3097 2152 3150 ran.

531 3193 669 3281 Reliqua
696 3195 835 3280 quiaque
862 3197 972 3280 aigun:
1011 3211 1147 3284 ειηῠῦ,
1192 3217 1273 3282 quae
1294 3197 1487 3282 respondent
1509 3195 1615 3260 verbis
1640 3195 1767 3261 Punicis
1791 3196 1857 3266 aba
1880 3212 1925 3262 nn
1946 3211 2059 3274 nano,
2088 3215 2153 3258 nuo

532 3307 633 3372 verbo
656 3327 758 3392 eoque
781 3310 912 3392 proprio
937 3321 968 3371 et
990 3305 1140 3372 familiari
1160 3311 1339 3393 exprimere
1363 3309 1529 3388 videntur,
1560 3329 1640 3393 quae
1665 3311 1699 3372 iu
1721 3307 1851 3373 Punicis
1874 3306 2152 3394 circumloquendo

533 3422 618 3484 dicta
634 3433 739 3483 erant:
764 3439 857 3503 quum
879 3429 1022 3485 mortuus
1045 3429 1139 3486 erret.
1187 3420 1279 3505 capt
1301 3418 1455 3506 particula
1476 3423 1572 3484 etiam
1594 3397 1781 3503 iu'Libycis
1804 3435 1932 3486 servata
1954 3435 2019 3498 est,
2048 3422 2152 3506 ipsum

532 3531 695 3596 mortendt
714 3529 847 3594 verbum
868 3530 943 3596 huic
962 3531 1092 3619 linguae
1113 3535 1279 3618 proprium
1300 3549 1394 3621 q..o
1417 3555 1478 3598 uos
1499 3535 1696 3619 ignoramus.
1823 3511 1827 3520 ’

660 3729 735 3794 Lin.
757 3735 786 3792 6.
831 3725 876 3793 Ut
896 3733 1010 3795 iterum
1033 3751 1053 3794 a
1075 3731 1204 3794 sinistra
1225 3731 1404 3809 ordiamur,
1429 3731 1528 3796 verbo
1540 3731 1661 3796 Punico
1679 3750 1739 3802 aas
1756 3741 1861 3798 muter
1876 3754 1947 3798 rnen
1961 3731 2154 3818 respondent

533 3847 615 3910 duee
636 3841 762 3908 litterae
783 3847 847 3907 iam
870 3858 964 3908 notae
987 3861 1042 3922 aa,
1073 3857 1107 3908 ut
1130 3845 1301 3928 opetiisse
1317 3845 1461 3909 uideatur
1477 3847 1509 3908 iu
1526 3843 1830 3931 Liby-phoeniciis.
1873 3845 1958 3911 Deio
1974 3867 2031 3931 pro
2046 3846 2151 3930 mitt:

533 3964 618 4022 sicut
646 3957 763 4021 nidum
793 3969 952 4042 ponuntur
979 3959 1040 4021 tria
1069 3960 1163 4042 signa
1198 3965 1232 4058 (ἲ
1277 3973 1285 4052 Ι
1330 3973 1409 4062 Ε,
1447 3977 1528 4042 quac
1555 3959 1600 4020 ita
1630 3954 1788 4042 explenda
1815 3959 1909 4023 duxi:
1948 3966 1988 4050 Θ
2027 3975 2037 4058 Ι
2089 3973 2144 4056 ξ

535 4089 567 4140 et
588 4077 781 4141 reddiderim
802 4086 839 4141 tet
860 4082 923 4142 vt'r.
968 4075 1052 4142 Nem
1074 4079 1178 4162 prima
1199 4075 1305 4140 littera
1328 4091 1377 4141 est
1401 4076 1492 4164 Cupls
1515 4075 1689 4164 particula,
1721 4099 1814 4165 quam
1835 4079 1948 4142 eodem
1971 4075 2153 4164 significatu
2265 4065 2269 4076 '

534 4193 733 4254 retinuerunt
753 4189 888 4271 Libyes:
920 4191 983 4254 duo
1006 4204 1113 4254 autem
1136 4193 1228 4276 signu
1264 4196 1305 4280 Θ
1328 4196 1370 4286 Ι,
1402 4192 1688 4277 quomodocunque
1703 4211 1742 4254 ea
1755 4191 1918 4256 efferenda
1933 4207 2007 4256 sunt
2029 4188 2151 4274 tuit),

533 4323 607 4376 sunt
627 4311 754 4374 initium
778 4311 936 4389 (fortasse
958 4311 1199 4397 compendium)
1222 4325 1371 4398 quattuor
1393 4313 1559 4398 signorum
1581 4303 1743 4398 quaesitu.
1768 4318 1788 4378 6
1810 4314 1878 4376 init.
1908 4329 1940 4377 et
1960 4309 2014 4376 lin.
2037 4317 2057 4378 7
2080 4313 2150 4378 init.

533 4430 638 4490 etrusc
660 4424 848 4508 designant,
875 4438 913 4487 ut
934 4445 1010 4488 mox
1032 4423 1222 4490 videbimus.
1268 4421 1354 4488 Num
1376 4425 1474 4509 igitur
1497 4427 1624 4510 scripsit
1646 4425 1763 4510 Libys:
1794 4435 1831 4490 ut
1853 4433 1906 4490 cir
1927 4431 2042 4490 mutrr'r
2062 4445 2153 4490 neoc

532 4559 590 4623 pro
620 4545 658 4601 nt
685 4535 802 4600 viduas
829 4544 945 4601 aratris
975 4542 1090 4602 meae?
1120 4577 1157 4587 -
1204 4535 1314 4602 Verbo
1345 4553 1404 4626 3072
1436 4545 1639 4604 tentationes
1671 4539 1866 4624 respondent
1895 4551 2042 4623 quattuor
2060 4540 2153 4624 signa

533 4653 631 4728 bon,
660 4647 868 4733 probabiliter
889 4651 973 4714 idem
996 4649 1227 4737 significantia,
1257 4653 1480 4737 quaelercipit
1501 4649 1577 4738 l:
1596 4654 1615 4714 i.
1630 4672 1659 4714 e.
1679 4653 1740 4731 iz,
1765 4653 1958 4737 quodetiam
1976 4649 2153 4716 inl’nnicis

532 4763 752 4849 reponendum
782 4763 870 4826 duxi.
922 4761 1082 4828 Videntur
1109 4761 1368 4848 Libyphoenices
1395 4785 1466 4828 cnm
1498 4765 1613 4830 Poenis
1643 4765 1783 4828 rniuores
1805 4763 1959 4827 orationis
1982 4747 2154 4844 particulas

532 4895 717 4940 communes
739 4874 907 4940 habuisse:
946 4877 1029 4962 quod
1051 4881 1154 4963 ipsum
1176 4889 1306 4962 apparet
1334 4877 1368 4962 t)
1389 4899 1430 4942 ex
1453 4894 1606 4965 sequente
1625 4881 1717 4947 brou
1748 4879 1807 4963 qut
1835 4877 2005 4959 portura,
2044 4876 2096 4938 cui
2118 4879 2151 4941 iu

531 4986 664 5070 Libycis
685 4990 879 5074 respondent
899 5003 1048 5076 quattuor
1070 4988 1194 5053 litterae
1220 5007 1326 5066 ..utr‚
1357 4993 1404 5056 ita
1428 5007 1463 5056 ut
1485 4988 1586 5055 scta
1609 4989 1777 5054 relatiuam
1799 4991 1832 5052 in
1852 5001 1985 5074 utruque
2002 5011 2152 5058 sermone

532 5100 641 5164 sedern
668 5121 759 5166 suam
789 5115 930 5168 tuentur:
967 5105 1043 5167 item
1082 5104 1114 5186 2)
1141 5123 1183 5166 ex
1213 5121 1324 5176 atauo
1358 5125 1446 5189 prae
1474 5101 1666 5180 adamante,
1705 5105 1757 5166 cui
1785 5101 1978 5186 respondent
2004 5119 2153 5191 quattuor
2251 5109 2255 5118 '

530 5211 656 5278 litterae
682 5231 787 5293 ...6,
827 5217 871 5278 ita
903 5217 1030 5302 quidem
1060 5230 1094 5280 ut
1121 5215 1294 5301 particulae
1323 5217 1428 5282 forma
1456 5219 1581 5302 integra
1614 5217 1666 5280 sit.
1696 5251 1739 5264 -
1788 5215 1846 5280 Ve'r
1867 5219 1973 5308 (opp)
2004 5231 2153 5303 quattuor

530 5325 632 5413 ignis
653 5328 842 5409 exprimitur
876 5339 929 5430 Μ
974 5341 1016 5425 Θ
1055 5339 1098 5426 Θ
1142 5347 1151 5426 Ι
1189 5330 1369 5416 (cubi),
1401 5353 1482 5420 quae
1505 5331 1600 5416 etiam
1623 5326 1718 5394 lim?
1743 5331 2108 5415 ineuntsreperiuntnr.
