4924 6304
490 617 564 690 176
607 610 740 678 LIBER
752 606 1000 677 SECUNDUS.
1030 601 1372 672 luscnle'rton‘sss
1387 602 1673 672 PHOEMCIAE.
1705 599 1853 668 CAPUT
1868 599 2092 679 QUINTUM.

1279 793 1320 859 u.

844 931 1421 1002 onnrunornunsr
1466 931 1752 1028 parurn,

614 1105 860 1173 Humbertianis
897 1101 1081 1184 simillima,
1127 1103 1309 1190 optimeque
1344 1099 1402 1166 illa
1435 1115 1623 1166 conseruata
1655 1116 1687 1167 et
1714 1098 1837 1164 illaesa.
1895 1097 2034 1187 Reperta
2063 1113 2111 1162 est

488 1246 572 1290 anno
603 1227 680 1286 1831
711 1215 763 1281 vel
791 1223 872 1282 1832
902 1238 999 1303 prope
1022 1220 1130 1282 vicum
1153 1211 1390 1301 Malgaeband
1414 1211 1586 1300 proculab
1609 1212 1762 1292 eoloeo,
1804 1211 1860 1277 nbi
1881 1211 2110 1277 Humbertiani

487 1337 609 1424 lapides
631 1331 808 1410 latuerant,
843 1343 875 1393 et
897 1353 916 1394 a
937 1329 1131 1410 Serranam,
1165 1327 1332 1392 Danorum
1355 1330 1387 1391 in
1412 1347 1512 1414 regno
1535 1325 1712 1391 'l'nnetensi
1734 1323 1868 1390 Consuli
1891 1325 1931 1390 ab
1954 1323 2109 1411 epistolis,
2212 1379 2222 1392 ,

488 1453 527 1516 ad
550 1447 698 1514 tlluseum
721 1445 845 1530 regium
870 1441 1059 1506 Hauniense
1081 1444 1226 1519 missurn,
1250 1441 1305 1504 ubi
1327 1443 1499 1504 etiamnum
1516 1453 1632 1506 exstat.
1677 1439 1770 1504 Edita
1787 1453 1836 1503 est
1852 1444 1933 1508 1333
1947 1459 1967 1502 a
1981 1437 2110 1502 Finem

486 1567 520 1628 in
549 1557 754 1634 Recdercder
781 1578 838 1620 rur
868 1557 1138 1642 l'emplucement
1161 1553 1202 1618 de
1227 1552 1396 1639 Cartduge
1425 1550 1468 1639 pl.
1492 1557 1510 1616 5
1533 1549 1589 1638 fig.
1612 1557 1650 1630 3,
1682 1554 1736 1637 qui
1764 1553 1882 1635 integri
1911 1555 2109 1616 monumenti
2206 1615 2209 1622 ,

487 1674 736 1741 delineationem
764 1670 852 1733 dedit
878 1671 910 1732 in
943 1671 1048 1732 minus
1079 1679 1275 1731 contractam
1305 1680 1337 1728 et
1367 1665 1538 1730 admodum
1569 1663 1767 1752 elegantem,
1804 1667 1901 1728 etiam
1932 1667 1965 1728 in
1994 1661 2112 1728 litteris

487 1786 664 1876 phoeniciis
693 1781 864 1846 reddendis
893 1803 912 1844 a
941 1784 1089 1868 grauiore
1118 1799 1226 1843 errore
1262 1775 1416 1856 liberam,
1454 1776 1487 1840 id
1518 1779 1601 1863 quod
1633 1777 1759 1842 docebit
1787 1775 1960 1842 delineatio
1989 1757 2109 1854 nostia,

488 1921 596 1964 seram
617 1897 834 1980 inscriptionis
857 1893 1110 1978 magnitudinem
1133 1891 1296 1969 referens,
1334 1889 1374 1956 ab
1399 1887 1644 1976 Hoblenbergio
1668 1889 1811 1955 adhibito
1836 1888 1941 1956 Falbii
1963 1888 2109 1977 exemplo

488 2035 584 2099 snper
598 2015 668 2095 ipso
684 2007 790 2094 lapide
812 2005 1057 2093 diligentissime
1077 2005 1162 2068 facta
1184 2019 1216 2068 et
1239 2025 1302 2068 una
1323 2025 1394 2066 enm
1418 2016 1534 2089 ectypo
1553 2015 1584 2066 et
1605 2006 1843 2067 commentariis
1866 2005 1906 2067 ad
1927 2025 1977 2067 me
1998 2005 2106 2088 missa.

488 2126 580 2204 Quae
606 2125 640 2185 in
673 2118 823 2206 exemplo
845 2117 1002 2184 Falbiano
1025 2117 1225 2182 emendanda
1246 2129 1453 2202 supererant,
1488 2114 1570 2180 haee
1591 2115 1659 2180 lere
1681 2131 1769 2181 suut:
1800 2115 1833 2204 a)
1856 2115 1982 2182 Doletd
2010 2114 2109 2180 lin.3

488 2239 550 2304 litt.
572 2242 645 2300 «ts
674 2235 760 2297 iusto
790 2231 936 2319 longiore
958 2252 1055 2317 scapo
1077 2234 1198 2316 pictum
1219 2245 1305 2308 erat,
1344 2243 1376 2294 et
1393 2231 1506 2293 eodem
1529 2231 1624 2294 modo
1646 2227 1741 2294 ltus
1761 2229 1870 2294 littera
1890 2251 1997 2310 nono,
2029 2251 2110 2315 quae

488 2363 657 2438 propterea
678 2343 804 2410 Doleld
822 2347 928 2430 potius
951 2365 1044 2430 quam
1061 2343 1167 2408 Rered
1190 2365 1262 2407 esse
1282 2343 1419 2410 videtur.
1461 2343 1535 2408 Lin.
1552 2354 1583 2422 2,
1601 2348 1619 2409 5
1642 2357 1735 2429 eaput
1751 2346 1820 2407 eius
1835 2341 1960 2406 litterae
1975 2363 2110 2428 superne

488 2463 695 2548 subapertum
711 2471 770 2523 est.
815 2457 849 2542 b)
873 2457 966 2522 Waro
980 2463 1011 2534 1,
1026 2455 1086 2520 litt.
1100 2463 1121 2521 9
1135 2477 1271 2542 superne
1286 2456 1457 2520 rotundum
1474 2471 1540 2536 est,
1565 2478 1628 2520 non
1646 2454 1841 2542 angulatum.
1886 2457 1916 2539 o)
1943 2455 2003 2519 Tel
2018 2453 2075 2520 lin.
2090 2463 2111 2520 4

488 2576 584 2642 litt.5
609 2593 746 2658 superne
768 2569 909 2634 clausum
932 2583 998 2648 est,
1029 2585 1060 2633 et
1083 2592 1163 2655 quaa
1186 2573 1220 2634 in
1243 2571 1348 2634 medio
1371 2583 1421 2632 est
1444 2567 1549 2654 ligura
1571 2567 1697 2632 dnobus
1722 2572 1828 2654 potins
1850 2571 1952 2656 signis
1975 2583 2109 2647 constat,

488 2689 653 2774 superiore
675 2685 834 2764 rotundo,
863 2681 1017 2746 inferiore
1039 2681 1201 2770 angulato.
1245 2679 1526 2766 Hoblenbergins:
1551 2682 1642 2762 „dut
1664 2681 1723 2766 bey
1737 2678 1845 2748 Falto
1865 2689 1901 2746 s'n
1921 2681 1990 2746 deur
2005 2681 2111 2746 Brred·

488 2800 605 2866 staden
621 2797 834 2884 angegebene
851 2791 996 2860 zercteu
1023 2789 1058 2879 ς
1093 2801 1137 2859 r'rt
1157 2797 1295 2860 mittelrt
1318 2802 1411 2859 einer
1439 2793 1652 2879 l'erdr‘ndung
1673 2795 1887 2874 entatundeu,
1917 2795 1972 2860 die
1992 2801 2112 2880 gentes

489 2913 580 2980 nieht
592 2911 719 2996 riodtr'g
733 2917 788 2974 s‘rt.
812 2907 945 2972 Ersind
959 2929 1047 2990 wey
1062 2905 1205 2971 Zes’cden
1223 2920 1283 3002 ς.
1327 2905 1397 2972 Die
1413 2905 1738 2994 Zurnmmenstlgung
1754 2929 1797 2972 un
1815 2907 1874 2972 der
1892 2910 2001 2972 linden
2017 2903 2111 2972 Seite

488 3035 534 3092 s'st
556 3046 619 3088 aar
638 3021 829 3098 roder'ndar,
866 3027 911 3084 iet
933 3019 1008 3084 redr
1031 3017 1176 3082 selenen
1202 3019 1270 3082 und
1290 3017 1525 3083 uerscdwr‘udet
1548 3025 1591 3082 r'ur
1613 3019 1891 3086 reodien'Lr'cdte
1915 3019 2108 3084 detrucdtet.

490 3137 551 3204 δίε
571 3135 690 3224 geddrt
712 3139 831 3219 geroius
852 3153 914 3195 nur
936 3131 1005 3195 dem
1029 3128 1165 3208 Statue,
1194 3131 1286 3196 uicit
1308 3133 1377 3196 dem
1400 3132 1693 3217 Versertigeruler
1714 3133 1878 3213 Inscdrift
1900 3140 1978 3198 un.“
2022 3133 2109 3198 ldenr

490 3249 609 3337 duplex
642 3251 769 3333 signum
807 3242 907 3308 babes
934 3247 967 3308 in
995 3243 1104 3306 littera
1134 3242 1205 3306 Ain
1234 3247 1451 3330 inscriptionis
1480 3245 1680 3334 Tuggensis,
1717 3261 1826 3311 nostro
1860 3247 1919 3312 Ter
1948 3243 2111 3311 simillima

491 3371 543 3452 (p.
564 3361 637 3447 40).
686 3359 718 3442 d)
743 3355 870 3422 based
888 3355 1014 3418 litterae
1038 3377 1110 3418 erus
1132 3353 1288 3434 subinde,
1319 3373 1353 3422 ut
1376 3365 1406 3437 1,
1434 3366 1464 3426 5.
1496 3367 1527 3438 2,
1551 3365 1582 3437 3,
1615 3363 1701 3422 iusto
1723 3357 1870 3444 lougius,
1901 3359 2006 3423 leruur
2026 3362 2110 3423 iusto

489 3479 621 3544 brevius
647 3475 767 3558 pictum
797 3481 846 3533 est
873 3467 983 3544 lint,
1013 3473 1042 3532 1.
1066 3471 1102 3540 5;
1138 3489 1225 3553 genu
1255 3489 1320 3532 non
1343 3470 1480 3535 debebat
1502 3473 1702 3536 dextrorsum
1725 3471 1937 3550 descendere,
1969 3488 2004 3536 nt
2027 3479 2057 3548 1,
2082 3479 2109 3536 1.

490 3595 596 3672 3,10.
641 3581 820 3670 Singularis
853 3585 922 3645 eius
948 3578 1074 3643 litterae
1102 3578 1207 3642 forma
1235 3595 1284 3644 art
1312 3579 1369 3646 lin.
1395 3591 1506 3662 1,10,
1544 3583 1618 3647 Nun
1648 3581 1772 3648 litterae
1802 3583 1927 3648 similis.
1978 3583 2010 3672 e)
2033 3583 2110 3650 Nun

488 3703 595 3768 littera
630 3699 734 3763 femur
770 3694 945 3772 inflexum,
989 3714 1051 3756 non
1090 3691 1274 3778 angulatum
1314 3693 1412 3760 babet
1446 3695 1502 3760 lin.
1532 3703 1551 3759 2
1590 3695 1650 3760 litt.
1682 3704 1721 3776 6,
1767 3715 1800 3762 ut
1835 3701 1868 3762 iu
1897 3695 2046 3785 Carthag.
2078 3707 2110 3762 2.

489 3818 525 3904 l)
550 3817 623 3884 Lin.
636 3822 657 3878 4
670 3810 778 3876 littera
794 3817 913 3894 quartu
929 3827 1026 3870 curva
1039 3819 1099 3883 est,
1122 3827 1186 3870 uon
1202 3805 1367 3894 angulata,
1386 3823 1552 3896 propterea
1568 3832 1625 3895 pro
1641 3807 1713 3874 Plre
1727 3807 1874 3874 habenda
1888 3825 1923 3873 nt
1939 3813 2002 3875 iam
2017 3825 2111 3875 antea

489 3933 706 4003 conieceram,
729 3946 791 3988 nou
814 3942 871 4008 pro
893 3921 997 3983 Wuur.
1041 3918 1106 3983 Sed
1129 3923 1165 4004 g)
1187 3917 1244 3983 lin.
1269 3927 1289 3984 2
1311 3920 1418 3986 littera
1439 3922 1597 4000 secunda,
1626 3943 1706 4008 quae
1728 3923 1819 4008 Caph
1831 3922 1956 3988 litterae
1974 3921 2110 3988 similior

490 4047 561 4106 visa
582 4055 630 4104 est
653 4059 747 4125 quam
769 4033 858 4112 Νιιιι,
882 4047 968 4097 reete
985 4054 1021 4096 se
1040 4029 1135 4096 babet
1150 4035 1233 4116 apud
1248 4033 1406 4100 Falbiurn.
1449 4034 1811 4120 Lapisipsearenarius
1828 4050 1892 4112 est3
1923 4052 2111 4102 ornamenta

490 4153 613 4218 affabre
635 4152 730 4214 iacta.

618 4311 916 4398 interpretationem
948 4309 1018 4371 eius
1045 4307 1277 4374 Lrnnrraaorts
1309 4311 1396 4373 dedit
1424 4309 1671 4396 apudFalbium
1703 4312 1745 4396 (l.
1767 4335 1794 4378 e.
1818 4335 1891 4400 pag.
1915 4316 1993 4402 84),
2029 4337 2110 4402 quae

492 4433 571 4496 haee
594 4444 658 4493 est:

835 4511 911 4575 rubr
939 4509 1019 4576 nrnb
1043 4509 1135 4576 nna'r
1233 4573 1239 4588 ,
1333 4507 1485 4592 Magnae
1508 4509 1591 4574 deae
1618 4510 1747 4576 Tuuutd
1771 4522 1805 4576 et
1828 4513 1927 4578 dossa·-

782 4621 1134 4712 φώκη-111533
1333 4641 1375 4684 no
1396 4629 1549 4708 cuiusque
1571 4623 1662 4703 deri,
1694 4623 1799 4690 Bools‘
1818 4625 2004 4706 Hammoni,

845 4738 1000 4824 aprum
1025 4752 1135 4803 nurus
1334 4740 1425 4798 vovit
1447 4756 1482 4798 se
1503 4735 1720 4802 Abdmoltor-

808 4856 900 4922 bna:
923 4867 958 4936 p:
980 4863 1089 4916 auron
1112 4866 1134 4915 n
1334 4847 1408 4912 idus
1430 4845 1587 4929 Solatur,
1610 4849 1711 4929 filius
1733 4849 1881 4915 Bamal-

918 4981 979 5030 ttrn
1002 4979 1038 5051 1³
1063 4981 1134 5042 nup
1332 4961 1461 5041 durtii,
1488 4961 1588 5040 filine
1609 4963 1794 5041 Hannonis,

489 5105 571 5174 quae
599 5079 757 5166 quomodo
787 5077 986 5141 emendanda
1015 5077 1075 5152 sit,
1118 5077 1182 5139 iarn
1213 5077 1322 5158 paucis
1347 5075 1434 5152 dixi,
1457 5076 1778 5162 palaeogropdirede
1800 5074 1941 5141 Studien
1963 5097 2035 5162 pag.
2059 5083 2110 5143 62.

489 5197 601 5272 Nune,
631 5194 731 5278 ipsius
759 5189 878 5278 lapidis
907 5203 1053 5276 ectypmu
1076 5201 1149 5252 ante
1172 5185 1282 5254 oeulos
1309 5187 1433 5254 habens
1455 5201 1486 5250 et
1508 5193 1660 5274 inspectis
1684 5189 1843 5276 lapidibus
1866 5189 2111 5256 Humbertianis

489 5315 529 5379 de
552 5311 612 5376 dea
634 5325 693 5374 nzn
716 5306 800 5389 (non
822 5303 909 5388 ἡξει)
932 5301 1066 5369 meliora
1090 5303 1220 5368 ednotus
1242 5305 1286 5366 ita
1310 5299 1386 5388 lego
1409 5315 1440 5365 et
1463 5304 1670 5390 interpretor:
