4906 6300
516 621 568 698 90
632 617 765 686 LIBER
780 613 1024 684 SECUNDUS.
1067 609 1403 681 lNSClllP'PlONES
1412 609 1702 680 PHOENlClAE.
1746 611 1893 680 CAPUT
1913 611 2104 682 PlllMUlll.
2168 637 2172 652 ·

872 1522 1182 1610 LIBER
1239 1506 1782 1612 SECUNDUS

422 1857 427 1866 ,
519 1750 1096 1864 rusoarrrronus
1148 1757 1601 1934 reaumaus
1661 1695 2140 1864 ratusratus

520 2017 640 2118 Tituli
661 2053 831 2132 marmori,
853 2049 1000 2129 metallo,
1023 2050 1115 2116 ebori
1133 2049 1315 2116 Phoeniciis
1331 2051 1524 2137 Punicisqoe
1544 2049 1662 2116 litteris
1683 2051 1830 2138 inscripti
1850 2053 1915 2115 iam
1936 2073 1957 2116 a
1978 2051 2142 2116 veteribus

518 2169 730 2262 scriptoribus
753 2171 871 2256 passim
894 2184 1121 2234 memorantur.
1166 2153 1309 2246 Quolum
1336 2167 1431 2234 facile
1462 2169 1681 2234 nobilissimus
1710 2181 1760 2233 est
1789 2165 1900 2234 titulus
1923 2167 2076 2256 bilinguis
2099 2167 2141 2235 ab

518 2283 701 2358 Hannibale
734 2303 819 2346 anuo
846 2295 919 2367 post
951 2279 992 2345 V.
1023 2282 1057 2348 C.
1088 2287 1150 2348 547
1179 2303 1255 2346 arse
1282 2279 1416 2346 lunonis
1449 2282 1604 2347 Laciniae
1641 2283 1834 2367 inscriptus,
1869 2283 1909 2346 de
1936 2303 1999 2368 quo
2029 2282 2141 2347 Livius

520 2395 706 2487 (XXVlll,
729 2394 804 2480 64):
826 2401 994 2480 „propter
1016 2395 1154 2460 Iunonis
1175 2393 1341 2460 Laciniae
1363 2395 1514 2480 tenpisan
1535 2403 1695 2460 aestatem
1716 2393 1892 2460 Hannibal
1910 2401 2004 2481 egit:
2031 2393 2142 2481 ibique

519 2533 611 2579 arass
632 2505 781 2574 condidit
801 2506 1031 2592 dedicauitque
1051 2529 1121 2571 eust
1137 2514 1271 2594 ingenti
1282 2529 1390 2571 rerunt
1405 2529 1427 2572 α
1440 2529 1476 2572 se
1487 2517 1654 2593 gestarunt
1670 2509 1768 2574 titulo
1783 2507 1922 2572 Punicis
1939 2507 2141 2602 Graecisque

518 2595 643 2692 titteris
672 2622 877 2705 inceptor
918 2618 1101 2684 Admodum
1130 2618 1349 2684 memorabilis
1375 2633 1541 2706 praeterea
1562 2635 1630 2684 erat
1659 2621 1826 2706 inscriptio
1852 2623 1963 2684 aeneis
1984 2619 2141 2686 columnis

517 2736 627 2824 templi
648 2731 798 2800 Herculis
820 2729 973 2797 Gaditani
997 2732 1171 2819 insculpta,
1192 2745 1316 2812 sumtus
1337 2734 1371 2795 in
1391 2734 1453 2798 huo
1473 2733 1554 2797 aede
1569 2732 1769 2800 aedificanda
1782 2733 1954 2800 collocatos
1968 2753 2141 2798 recensens

517 2849 639 2934 (Surb.
655 2845 711 2912 lll.
727 2866 758 2931 p.
775 2849 836 2912 1⁷0
857 2843 995 2911 Casuub.
1019 2845 1048 2910 oi
1070 2847 1105 2912 di
1125 2843 1182 2920 τὰς
1203 2843 1235 2909 ἒν
1255 2850 1301 2934 τῷ
1317 2841 1493 2934 Ἡρακλείῳ
1514 2851 1560 2934 τῷ
1582 2845 1614 2911 ἓν
1631 2848 1792 2934 Γαδείροις
1811 2845 1930 2930 χαλκιὶς
1951 2843 2141 2930 ὀκταπήχεις,

517 2966 549 3030 ἐκ
577 2958 627 3036 αἷς
654 2955 879 3044 ιἰναγέμραπται
906 2955 943 3020 τὸ
972 2954 1122 3039 ἀνάλωμα
1157 2963 1214 3040 τῆς
1240 2963 1430 3040 κατασκευῆς
1457 2964 1513 3022 τοῦ
1543 2957 1646 3044 lepori)
1684 2975 1723 3048 et,
1750 2957 1921 3025 Numidica
1946 2957 2141 3024 Masinissae

511 3053 666 3142 ¹dentibus
688 3069 838 3134 eburneis
857 3071 891 3132 in
914 3067 991 3132 fauo
1012 3067 1146 3134 lunonis
1168 3067 1350 3134 Melitensis
1371 3072 1484 3135 incisa.
1527 3069 1576 3136 lta
1596 3073 1682 3136 enim
1703 3070 1778 3139 Vol.
1794 3072 1884 3138 Max.
1907 3079 1935 3152 1,
1953 3079 1988 3137 1:
2011 3073 2062 3138 At
2075 3092 2141 3137 non

517 3189 673 3254 ristiliter
685 3183 870 3248 Masinissa
890 3199 975 3244 reat:
997 3189 1089 3247 ουιάι
1104 3203 1198 3268 paors
1214 3181 1411 3268 praefectus
1433 3185 1547 3248 classis
1561 3184 1717 3251 Melitam
1734 3187 1933 3288 appulisset,
1956 3205 2038 3272 eque
2049 3185 2141 3264 jano

419 3315 422 3319 '
517 3299 658 3366 Iunonis
672 3297 788 3362 denter
809 3292 967 3358 eburneos
987 3301 1133 3360 eximiae
1149 3297 1388 3384 magnitudinis
1410 3294 1555 3360 sublatos
1571 3299 1618 3362 ad
1629 3321 1700 3363 eust
1716 3319 1782 3384 pro
1797 3299 1880 3362 dono
1895 3298 2084 3361 attulimet:
2104 3306 2141 3362 ut

518 3417 693 3498 conperit,
730 3411 816 3477 unde
850 3409 985 3476 adnecti
1018 3417 1125 3473 essent
1137 3454 1147 3487 ,
1190 3415 1417 3495 quinqueremi
1447 3412 1666 3494 reportandos
1702 3411 1856 3524 dictitans
1889 3415 1987 3493 ireque
2022 3413 2141 3496 tempto

518 3525 657 3590 Iunonis
686 3523 891 3590 collocandos
922 3528 1070 3600 curauit,
1103 3523 1339 3608 insculptos
1363 3529 1511 3609 gentis
1539 3545 1640 3588 suae
1668 3523 1839 3587 litteris
1871 3521 2142 3606 significantibus

517 3659 628 3725 regest
645 3643 854 3723 ignoramens
877 3656 932 3700 eos
955 3641 1120 3719 accepisse
1141 3643 1175 3698 et
1197 3633 1340 3699 libenter
1360 3633 1458 3702 Deae
1479 3634 1680 3713 reddidisse,
1702 3654 1783 3719 quae
1805 3633 1921 3697 iisdem
1942 3633 2011 3700 iero
2033 3635 2141 3702 verbis

380 3748 388 3762 '
449 3737 456 3756 ⁸
517 3749 666 3837 leguntur
684 3751 769 3838 apud
789 3747 981 3814 Ciceronem
1001 3750 1034 3812 iu
1056 3744 1152 3812 Verr.
1175 3761 1236 3811 act.
1261 3755 1281 3812 2
1303 3745 1360 3812 lib.
1383 3755 1422 3826 4,
1446 3752 1507 3826 to,
1530 3748 1587 3810 sed
1609 3746 1669 3811 sub
1692 3743 1789 3810 finem
1812 3749 1877 3810 ite:
1901 3753 2017 3832 itaque
2037 3755 2073 3814 in
2088 3748 2140 3814 lis

516 3870 709 3950 inscriptus·
730 3865 906 3929 litteris
926 3863 1104 3926 Punicis
1124 3861 1179 3944 (ci.
1193 3857 1250 3925 lib.
1268 3865 1283 3924 l
1307 3863 1336 3938 i.
1351 3861 1404 3944 35)
1423 3859 1518 3938 fuit:
1536 3879 1648 3944 regern
1668 3857 1881 3923 Masinissam
1904 3861 2139 3946 inprudentem

517 3982 702 4061 accepisse:
731 3997 769 4040 re
797 3979 934 4060 cognita
956 3971 1159 4058 reponendos
1179 3971 1462 4057 restituendosque
1487 3993 1627 4036 curasse.
1672 3968 1794 4036 Contra
1821 3995 1840 4036 a
1869 3976 2052 4059 suspicione
2074 3997 2138 4040 noo

516 4089 668 4152 immunis
690 4101 740 4151 est
761 4083 966 4172 pervulgatus
987 4081 1043 4148 ille
1065 4082 1176 4148 titulus
1199 4098 1279 4148 teste
1301 4083 1457 4168 Procopio
1479 4084 1539 4162 (de
1561 4079 1648 4148 bello
1669 4082 1848 4150 Vandalico
1870 4093 1904 4166 2,
1929 4091 1994 4165 10)
2016 4087 2139 4153 duabus

516 4197 675 4264 columnis
710 4219 808 4285 prope
840 4195 968 4284 'l'igisin
1003 4193 1195 4276 Numidiae,
1231 4211 1265 4260 ut
1299 4194 1483 4274 terebatur,
1523 4217 1542 4260 a
1579 4193 1759 4263 Canauaeis
1792 4197 1833 4263 ab
1864 4196 1965 4262 Josua
1993 4197 2139 4286 expulsis

515 4309 702 4398 insculptus.
746 4309 866 4374 Narrat
885 4309 1060 4394 Procopius
1080 4307 1103 4374 l.
1124 4331 1152 4372 ο.
1176 4307 1379 4384 Canauaeos,
1412 4320 1577 4395 postquam
1607 4307 1740 4376 Josuam
1771 4313 1858 4376 vinei
1886 4327 1919 4376 et
1939 4305 2051 4397 repelli
2073 4334 2139 4378 uou

514 4446 612 4512 posse
631 4421 886 4502 intellexissent,
906 4424 1042 4508 primum
1065 4425 1098 4486 in
1122 4420 1303 4506 Aegyptum
1324 4420 1525 4507 confugisse,
1548 4423 1638 4502 dein,
1660 4445 1732 4488 cum
1753 4423 1800 4489 ibi
1822 4439 1949 4512 propter
1962 4422 2140 4492 incolarum

515 4536 753 4604 multitudinem
782 4537 893 4602 sedem
919 4533 1021 4622 figere
1050 4555 1113 4598 uou
1137 4545 1284 4619 possent,
1321 4535 1355 4597 iu
1378 4531 1521 4599 Africam
1543 4539 1779 4613 transvexisse;
1815 4539 1882 4603 tu'm
1905 4539 2011 4603 addit:
2039 4536 2142 4617 πόλεις
2241 4537 2248 4564 “

515 4675 548 4716 τε
569 4633 739 4728 οἰκίσαντες
759 4647 894 4728 πολλάς,
929 4647 1092 4731 ξύμπασαν
1109 4643 1239 4730 Λιβύην
1268 4643 1357 4730 μεχρὶ
1383 4651 1503 4731 στηλῶν
1518 4653 1580 4713 τῶν
1596 4643 1790 4731 Ἡρακλέους
1809 4649 1913 4733 ἴσχον·
1945 4651 2086 4718 ἐνταῦθά
2107 4677 2139 4719 τε

516 4765 567 4828 καλ
594 4763 627 4839 ἒς
647 4763 703 4847 ips
721 4770 761 4851 τῇ
784 4765 938 4828 Φοινίκιον
962 4767 1050 4847 φωνῇ
1069 4757 1223 4845 χρώμενοι
1253 4757 1403 4848 Usamus,
1431 4760 1589 4843 lder'prano
1623 4761 1659 4824 δὲ
1686 4763 1737 4826 καλ
1757 4763 1907 4850 φρούριον
1930 4763 1963 4828 ἓν
1981 4765 2140 4856 Νουμιδίᾳ

516 4874 620 4952 πόλει,
649 4867 686 4942 οὗ
715 4882 771 4942 νῦν
798 4874 888 4951 πόλις
915 4874 1033 4960 Τλγισίς
1060 4872 1128 4938 tori
1151 4897 1184 4938 τε
1214 4875 1266 4938 καλ
1293 4871 1483 4956 ὀνομάζεται.
1518 4871 1599 4937 ἔνθα
1619 4878 1728 4958 στῆλαι
1751 4877 1807 4942 ‹tv'o
1839 4875 1873 4940 Is
1902 4877 2002 4940 λίθων
2024 4879 2141 4942 λευκῶν

515 4989 713 5072 πεποιημέναι
738 4987 807 5073 alypi
826 4986 941 5075 κρήνης
965 4987 1023 5052 εἰσὶ
1049 4991 1105 5070 τῆς
1124 4985 1277 5072 μεγάλης,
1315 4987 1484 5074 γράμματα
1505 4985 1666 5052 Φοινικικὰ
1687 4986 1929 5072 ἐγκεκολαμμένα
1955 4983 2079 5068 ἔχουσαι
2099 4996 2140 5078 τῇ

519 5103 673 5166 Φοινίκων
699 5099 823 5188 γλώσσῃ
844 5101 971 5187 λέγοντα
991 5089 1066 5168 ὧδε·
1090 5093 1203 5185 ἡμεῖς
1226 5100 1343 5184 ἔσμεν
1370 5100 1406 5167 oi
1433 5098 1627 5186 pdyorrsc
1659 5096 1732 5165 ἀπὸ
1762 5097 1984 5186 προσώπου
2008 5098 2139 5186 Ἰησοῦ

516 5217 587 5280 τοῦ
612 5214 875 5298 lenociniosi
898 5217 1020 5300 Ναυῆ.
1065 5212 1193 5302 Tigisis
1216 5213 1388 5280 Numidiae
1410 5209 1651 5299 intelligendam
1672 5233 1761 5288 esse,
1783 5235 1846 5278 uon
1871 5210 1992 5300 Tingiu
2014 5213 2139 5282 Mouri-

516 5329 640 5408 tauiae,
663 5341 698 5393 ut
719 5349 739 5393 a
761 5326 872 5394 multis
892 5327 1029 5408 lactum,
1052 5329 1145 5394 docte
1160 5349 1261 5414 nuper
1275 5327 1448 5414 disputavit
1461 5324 1616 5415 uobisque
1637 5323 1731 5414 plane
1753 5330 1911 5413 persuasit
1933 5327 2139 5396 Hastaderss

1725 5615 1742 5668 l
