<?xml version="1.0" encoding="UTF-8"?>
<!DOCTYPE html PUBLIC "-//W3C//DTD XHTML 1.0 Transitional//EN"
    "http://www.w3.org/TR/xhtml1/DTD/xhtml1-transitional.dtd">
<html xmlns="http://www.w3.org/1999/xhtml" xml:lang="en" lang="en">
 <head>
  <title>
</title>
<meta http-equiv="Content-Type" content="text/html;charset=utf-8" />
  <meta name='ocr-system' content='tesseract 3.04.00' />
  <meta name='ocr-capabilities' content='ocr_page ocr_carea ocr_par ocr_line ocrx_word'/>
</head>
<body>
  <div class='ocr_page' id='page_1' title='image "./scripturaelingu00gesegoog_0015.png"; bbox 0 0 4902 6306; ppageno 0'>
   <div class='ocr_carea' id='block_1_1' title="bbox 473 631 1498 724">
    <p class='ocr_par' dir='ltr' id='par_1_1' title="bbox 473 631 1498 724">
     <span class='ocr_line' id='line_1_1' title="bbox 473 631 1498 724; baseline -0.004 -20"><span class='ocrx_word' id='word_1_1' title='bbox 473 637 553 704; x_wconf 96' lang='lat' dir='ltr'><strong>Vlll</strong></span> <span class='ocrx_word' id='word_1_2' title='bbox 923 699 928 724; x_wconf 72' lang='grc'>,</span> <span class='ocrx_word' id='word_1_3' title='bbox 1068 631 1498 702; x_wconf 69' lang='lat' dir='ltr'><strong>stannatio,</strong></span> 
     </span>
    </p>
   </div>
   <div class='ocr_carea' id='block_1_2' title="bbox 471 822 2090 1056">
    <p class='ocr_par' dir='ltr' id='par_1_2' title="bbox 471 822 2090 1056">
     <span class='ocr_line' id='line_1_2' title="bbox 471 822 2090 926; baseline -0.001 -24"><span class='ocrx_word' id='word_1_4' title='bbox 471 829 629 926; x_wconf 88' lang='lat' dir='ltr'><strong>ignaris,</strong></span> <span class='ocrx_word' id='word_1_5' title='bbox 664 825 870 904; x_wconf 78' lang='lat' dir='ltr'><strong>delineata:</strong></span> <span class='ocrx_word' id='word_1_6' title='bbox 908 826 1024 924; x_wconf 85' lang='lat' dir='ltr'><strong>quidl</strong></span> <span class='ocrx_word' id='word_1_7' title='bbox 1073 823 1177 922; x_wconf 92' lang='lat' dir='ltr'><strong>quod</strong></span> <span class='ocrx_word' id='word_1_8' title='bbox 1208 847 1258 898; x_wconf 91' lang='lat' dir='ltr'><strong>ne</strong></span> <span class='ocrx_word' id='word_1_9' title='bbox 1289 845 1409 898; x_wconf 89' lang='lat' dir='ltr'><strong>unum</strong></span> <span class='ocrx_word' id='word_1_10' title='bbox 1442 822 1595 922; x_wconf 89' lang='lat' dir='ltr'><strong>quidem</strong></span> <span class='ocrx_word' id='word_1_11' title='bbox 1630 827 1867 900; x_wconf 84' lang='lat' dir='ltr'><strong>monumenti</strong></span> <span class='ocrx_word' id='word_1_12' title='bbox 1895 827 1972 899; x_wconf 92' lang='lat' dir='ltr'><strong>iam</strong></span> <span class='ocrx_word' id='word_1_13' title='bbox 1998 825 2090 900; x_wconf 90' lang='lat' dir='ltr'><strong>editi</strong></span> 
     </span>
     <span class='ocr_line' id='line_1_3' title="bbox 473 953 2090 1056; baseline -0.001 -24"><span class='ocrx_word' id='word_1_14' title='bbox 473 957 746 1056; x_wconf 89' lang='lat' dir='ltr'><strong>autographum</strong></span> <span class='ocrx_word' id='word_1_15' title='bbox 769 959 833 1034; x_wconf 89' lang='lat' dir='ltr'><strong>vel</strong></span> <span class='ocrx_word' id='word_1_16' title='bbox 858 969 957 1032; x_wconf 91' lang='lat' dir='ltr'><strong>certe</strong></span> <span class='ocrx_word' id='word_1_17' title='bbox 982 967 1162 1052; x_wconf 90' lang='lat' dir='ltr'><strong>ectypum</strong></span> <span class='ocrx_word' id='word_1_18' title='bbox 1188 953 1429 1043; x_wconf 79' lang='lat' dir='ltr'><strong>examinavi,</strong></span> <span class='ocrx_word' id='word_1_19' title='bbox 1461 955 1553 1051; x_wconf 92' lang='lat' dir='ltr'><strong>quin</strong></span> <span class='ocrx_word' id='word_1_20' title='bbox 1578 955 1687 1052; x_wconf 89' lang='lat' dir='ltr'><strong>plura</strong></span> <span class='ocrx_word' id='word_1_21' title='bbox 1711 957 1753 1029; x_wconf 90' lang='lat' dir='ltr'><strong>in</strong></span> <span class='ocrx_word' id='word_1_22' title='bbox 1778 979 1824 1030; x_wconf 88' lang='lat' dir='ltr'><strong>eo</strong></span> <span class='ocrx_word' id='word_1_23' title='bbox 1849 953 2090 1031; x_wconf 83' lang='lat' dir='ltr'><strong>animadver-</strong></span> 
     </span>
    </p>
   </div>
   <div class='ocr_carea' id='block_1_3' title="bbox 462 1081 2091 3270">
    <p class='ocr_par' dir='ltr' id='par_1_3' title="bbox 462 1081 2091 3270">
     <span class='ocr_line' id='line_1_4' title="bbox 474 1081 2091 1185; baseline -0.002 -21"><span class='ocrx_word' id='word_1_24' title='bbox 474 1092 585 1164; x_wconf 82' lang='lat' dir='ltr'><strong>terim</strong></span> <span class='ocrx_word' id='word_1_25' title='bbox 609 1113 633 1162; x_wconf 92' lang='lat' dir='ltr'><strong>a</strong></span> <span class='ocrx_word' id='word_1_26' title='bbox 657 1087 912 1185; x_wconf 87' lang='lat' dir='ltr'><strong>superioribus</strong></span> <span class='ocrx_word' id='word_1_27' title='bbox 937 1084 1145 1158; x_wconf 82' lang='lat' dir='ltr'><strong>editoribus</strong></span> <span class='ocrx_word' id='word_1_28' title='bbox 1169 1083 1340 1179; x_wconf 89' lang='lat' dir='ltr'><strong>neglecta</strong></span> <span class='ocrx_word' id='word_1_29' title='bbox 1364 1081 1418 1179; x_wconf 88' lang='lat'><strong>⁶);</strong></span> <span class='ocrx_word' id='word_1_30' title='bbox 1451 1085 1531 1158; x_wconf 93' lang='lat' dir='ltr'><strong>imo</strong></span> <span class='ocrx_word' id='word_1_31' title='bbox 1556 1084 1642 1182; x_wconf 91' lang='lat' dir='ltr'><strong>plus</strong></span> <span class='ocrx_word' id='word_1_32' title='bbox 1666 1087 1783 1160; x_wconf 87' lang='lat' dir='ltr'><strong>semel</strong></span> <span class='ocrx_word' id='word_1_33' title='bbox 1809 1107 1873 1177; x_wconf 89' lang='lat' dir='ltr'><strong>ea,</strong></span> <span class='ocrx_word' id='word_1_34' title='bbox 1901 1087 2091 1184; x_wconf 73' lang='lat' dir='ltr'><strong>inquibus</strong></span> 
     </span>
     <span class='ocr_line' id='line_1_5' title="bbox 472 1212 2089 1315; baseline -0.001 -23"><span class='ocrx_word' id='word_1_35' title='bbox 472 1242 540 1314; x_wconf 83' lang='lat' dir='ltr'><strong>ego</strong></span> <span class='ocrx_word' id='word_1_36' title='bbox 572 1219 710 1315; x_wconf 84' lang='lat' dir='ltr'><strong>quippe</strong></span> <span class='ocrx_word' id='word_1_37' title='bbox 742 1237 792 1288; x_wconf 90' lang='lat' dir='ltr'><strong>ex</strong></span> <span class='ocrx_word' id='word_1_38' title='bbox 831 1214 1017 1312; x_wconf 89' lang='lat' dir='ltr'><strong>exemplis</strong></span> <span class='ocrx_word' id='word_1_39' title='bbox 1049 1213 1158 1286; x_wconf 89' lang='lat' dir='ltr'><strong>editis</strong></span> <span class='ocrx_word' id='word_1_40' title='bbox 1189 1212 1361 1310; x_wconf 89' lang='lat' dir='ltr'><strong>pendens</strong></span> <span class='ocrx_word' id='word_1_41' title='bbox 1393 1212 1458 1287; x_wconf 94' lang='lat' dir='ltr'><strong>diu</strong></span> <span class='ocrx_word' id='word_1_42' title='bbox 1480 1213 1693 1305; x_wconf 81' lang='lat' dir='ltr'><strong>haeseram,</strong></span> <span class='ocrx_word' id='word_1_43' title='bbox 1734 1215 1899 1290; x_wconf 86' lang='lat' dir='ltr'><strong>vixdum</strong></span> <span class='ocrx_word' id='word_1_44' title='bbox 1920 1217 2089 1315; x_wconf 87' lang='lat' dir='ltr'><strong>inspecto</strong></span> 
     </span>
     <span class='ocr_line' id='line_1_6' title="bbox 472 1343 2089 1444; baseline 0 -22"><span class='ocrx_word' id='word_1_45' title='bbox 472 1345 704 1442; x_wconf 88' lang='lat' dir='ltr'><strong>autographo</strong></span> <span class='ocrx_word' id='word_1_46' title='bbox 747 1345 828 1418; x_wconf 87' lang='lat' dir='ltr'><strong>sine</strong></span> <span class='ocrx_word' id='word_1_47' title='bbox 875 1346 1024 1439; x_wconf 86' lang='lat' dir='ltr'><strong>negotio</strong></span> <span class='ocrx_word' id='word_1_48' title='bbox 1072 1343 1194 1438; x_wconf 85' lang='lat' dir='ltr'><strong>legere</strong></span> <span class='ocrx_word' id='word_1_49' title='bbox 1243 1343 1409 1439; x_wconf 88' lang='lat' dir='ltr'><strong>contigit.</strong></span> <span class='ocrx_word' id='word_1_50' title='bbox 1483 1344 1639 1442; x_wconf 80' lang='lat' dir='ltr'><strong>Duplex</strong></span> <span class='ocrx_word' id='word_1_51' title='bbox 1680 1357 1807 1420; x_wconf 90' lang='lat' dir='ltr'><strong>autem</strong></span> <span class='ocrx_word' id='word_1_52' title='bbox 1853 1349 2089 1444; x_wconf 84' lang='lat' dir='ltr'><strong>potissimum</strong></span> 
     </span>
     <span class='ocr_line' id='line_1_7' title="bbox 471 1471 2091 1575; baseline 0 -25"><span class='ocrx_word' id='word_1_53' title='bbox 471 1477 739 1550; x_wconf 84' lang='lat' dir='ltr'><strong>detrimentum</strong></span> <span class='ocrx_word' id='word_1_54' title='bbox 788 1471 1004 1570; x_wconf 89' lang='lat' dir='ltr'><strong>apographa</strong></span> <span class='ocrx_word' id='word_1_55' title='bbox 1039 1475 1111 1546; x_wconf 90' lang='lat' dir='ltr'><strong>ista</strong></span> <span class='ocrx_word' id='word_1_56' title='bbox 1150 1473 1275 1544; x_wconf 85' lang='lat' dir='ltr'><strong>minus</strong></span> <span class='ocrx_word' id='word_1_57' title='bbox 1318 1485 1492 1548; x_wconf 87' lang='lat' dir='ltr'><strong>accurata</strong></span> <span class='ocrx_word' id='word_1_58' title='bbox 1526 1473 1719 1550; x_wconf 90' lang='lat' dir='ltr'><strong>doctrinae</strong></span> <span class='ocrx_word' id='word_1_59' title='bbox 1758 1473 2091 1575; x_wconf 77' lang='lat' dir='ltr'><strong>palaeographicae</strong></span> 
     </span>
     <span class='ocr_line' id='line_1_8' title="bbox 471 1599 2088 1704; baseline -0.002 -22"><span class='ocrx_word' id='word_1_60' title='bbox 471 1605 688 1682; x_wconf 86' lang='lat' dir='ltr'><strong>attulerunt.</strong></span> <span class='ocrx_word' id='word_1_61' title='bbox 750 1599 894 1691; x_wconf 83' lang='lat' dir='ltr'><strong>Unum,</strong></span> <span class='ocrx_word' id='word_1_62' title='bbox 929 1601 1029 1700; x_wconf 91' lang='lat' dir='ltr'><strong>quod</strong></span> <span class='ocrx_word' id='word_1_63' title='bbox 1054 1599 1270 1676; x_wconf 88' lang='lat' dir='ltr'><strong>huiusmodi</strong></span> <span class='ocrx_word' id='word_1_64' title='bbox 1295 1603 1476 1702; x_wconf 90' lang='lat' dir='ltr'><strong>exempla</strong></span> <span class='ocrx_word' id='word_1_65' title='bbox 1501 1603 1572 1700; x_wconf 89' lang='lat' dir='ltr'><strong>legi</strong></span> <span class='ocrx_word' id='word_1_66' title='bbox 1596 1625 1749 1703; x_wconf 87' lang='lat' dir='ltr'><strong>prorsus</strong></span> <span class='ocrx_word' id='word_1_67' title='bbox 1782 1629 1860 1680; x_wconf 93' lang='lat' dir='ltr'><strong>non</strong></span> <span class='ocrx_word' id='word_1_68' title='bbox 1892 1617 2088 1704; x_wconf 82' lang='lat' dir='ltr'><strong>poteram:</strong></span> 
     </span>
     <span class='ocr_line' id='line_1_9' title="bbox 471 1729 2088 1833; baseline 0.001 -25"><span class='ocrx_word' id='word_1_69' title='bbox 471 1736 629 1808; x_wconf 87' lang='lat' dir='ltr'><strong>altemm</strong></span> <span class='ocrx_word' id='word_1_70' title='bbox 665 1731 778 1828; x_wconf 90' lang='lat' dir='ltr'><strong>idque</strong></span> <span class='ocrx_word' id='word_1_71' title='bbox 810 1733 979 1827; x_wconf 87' lang='lat' dir='ltr'><strong>gravius,</strong></span> <span class='ocrx_word' id='word_1_72' title='bbox 1021 1731 1124 1830; x_wconf 88' lang='lat' dir='ltr'><strong>quod</strong></span> <span class='ocrx_word' id='word_1_73' title='bbox 1158 1731 1256 1806; x_wconf 90' lang='lat' dir='ltr'><strong>lecta</strong></span> <span class='ocrx_word' id='word_1_74' title='bbox 1291 1729 1442 1830; x_wconf 86' lang='lat' dir='ltr'><strong>quidem</strong></span> <span class='ocrx_word' id='word_1_75' title='bbox 1478 1747 1585 1824; x_wconf 88' lang='lat' dir='ltr'><strong>sunt,</strong></span> <span class='ocrx_word' id='word_1_76' title='bbox 1625 1735 1693 1810; x_wconf 83' lang='lat' dir='ltr'><strong>sed</strong></span> <span class='ocrx_word' id='word_1_77' title='bbox 1727 1737 1822 1811; x_wconf 84' lang='lat' dir='ltr'><strong>falso</strong></span> <span class='ocrx_word' id='word_1_78' title='bbox 1854 1737 1969 1825; x_wconf 88' lang='lat' dir='ltr'><strong>lecta,</strong></span> <span class='ocrx_word' id='word_1_79' title='bbox 2013 1757 2088 1833; x_wconf 91' lang='lat' dir='ltr'><strong>quo</strong></span> 
     </span>
     <span class='ocr_line' id='line_1_10' title="bbox 470 1839 2088 1964; baseline 0 -26"><span class='ocrx_word' id='word_1_80' title='bbox 470 1865 610 1938; x_wconf 87' lang='lat' dir='ltr'><strong>lactum</strong></span> <span class='ocrx_word' id='word_1_81' title='bbox 642 1875 720 1950; x_wconf 87' lang='lat' dir='ltr'><strong>est,</strong></span> <span class='ocrx_word' id='word_1_82' title='bbox 757 1874 798 1936; x_wconf 90' lang='lat' dir='ltr'><strong>ut</strong></span> <span class='ocrx_word' id='word_1_83' title='bbox 821 1883 920 1936; x_wconf 91' lang='lat' dir='ltr'><strong>unus</strong></span> <span class='ocrx_word' id='word_1_84' title='bbox 946 1887 1049 1936; x_wconf 90' lang='lat' dir='ltr'><strong>error</strong></span> <span class='ocrx_word' id='word_1_85' title='bbox 1070 1883 1122 1936; x_wconf 81' lang='lat' dir='ltr'><strong>ex</strong></span> <span class='ocrx_word' id='word_1_86' title='bbox 1146 1861 1282 1936; x_wconf 90' lang='lat' dir='ltr'><strong>litteris</strong></span> <span class='ocrx_word' id='word_1_87' title='bbox 1306 1863 1406 1937; x_wconf 90' lang='lat' dir='ltr'><strong>male</strong></span> <span class='ocrx_word' id='word_1_88' title='bbox 1437 1863 1547 1961; x_wconf 88' lang='lat' dir='ltr'><strong>pictis</strong></span> <span class='ocrx_word' id='word_1_89' title='bbox 1572 1839 1751 1964; x_wconf 83' lang='lat' dir='ltr'><strong>lectisqne</strong></span> <span class='ocrx_word' id='word_1_90' title='bbox 1777 1863 1970 1964; x_wconf 79' lang='lat' dir='ltr'><strong>profectus</strong></span> <span class='ocrx_word' id='word_1_91' title='bbox 1995 1885 2088 1938; x_wconf 83' lang='lat' dir='ltr'><strong>mox</strong></span> 
     </span>
     <span class='ocr_line' id='line_1_11' title="bbox 469 1993 2086 2092; baseline -0.002 -23"><span class='ocrx_word' id='word_1_92' title='bbox 469 1995 562 2069; x_wconf 86' lang='lat' dir='ltr'><strong>alios</strong></span> <span class='ocrx_word' id='word_1_93' title='bbox 587 2005 802 2089; x_wconf 78' lang='lat' dir='ltr'><strong>generaret,</strong></span> <span class='ocrx_word' id='word_1_94' title='bbox 836 2013 888 2066; x_wconf 84' lang='lat' dir='ltr'><strong>ex</strong></span> <span class='ocrx_word' id='word_1_95' title='bbox 913 1993 1046 2088; x_wconf 86' lang='lat' dir='ltr'><strong>quibus</strong></span> <span class='ocrx_word' id='word_1_96' title='bbox 1070 1993 1167 2066; x_wconf 89' lang='lat' dir='ltr'><strong>mira</strong></span> <span class='ocrx_word' id='word_1_97' title='bbox 1192 2014 1361 2090; x_wconf 91' lang='lat' dir='ltr'><strong>quaeque</strong></span> <span class='ocrx_word' id='word_1_98' title='bbox 1387 1995 1608 2092; x_wconf 84' lang='lat' dir='ltr'><strong>opinionum</strong></span> <span class='ocrx_word' id='word_1_99' title='bbox 1629 2007 1805 2092; x_wconf 89' lang='lat' dir='ltr'><strong>portenta</strong></span> <span class='ocrx_word' id='word_1_100' title='bbox 1833 2005 2086 2070; x_wconf 81' lang='lat' dir='ltr'><strong>nascerentur.</strong></span> 
     </span>
     <span class='ocr_line' id='line_1_12' title="bbox 467 2113 2087 2222; baseline -0.001 -24"><span class='ocrx_word' id='word_1_101' title='bbox 467 2121 658 2220; x_wconf 86' lang='lat' dir='ltr'><strong>Exemplo</strong></span> <span class='ocrx_word' id='word_1_102' title='bbox 700 2123 793 2211; x_wconf 89' lang='lat' dir='ltr'><strong>sint,</strong></span> <span class='ocrx_word' id='word_1_103' title='bbox 846 2143 942 2220; x_wconf 88' lang='lat' dir='ltr'><strong>quae</strong></span> <span class='ocrx_word' id='word_1_104' title='bbox 983 2121 1032 2196; x_wconf 89' lang='lat' dir='ltr'><strong>de</strong></span> <span class='ocrx_word' id='word_1_105' title='bbox 1073 2123 1293 2197; x_wconf 87' lang='lat' dir='ltr'><strong>numinibus</strong></span> <span class='ocrx_word' id='word_1_106' title='bbox 1325 2114 1409 2217; x_wconf 65' lang='grc' dir='ltr'><strong>ὺῃ</strong></span> <span class='ocrx_word' id='word_1_107' title='bbox 1446 2121 1595 2196; x_wconf 73' lang='lat' dir='ltr'><strong>illolcd</strong></span> <span class='ocrx_word' id='word_1_108' title='bbox 1617 2136 1656 2197; x_wconf 91' lang='lat' dir='ltr'><strong>et</strong></span> <span class='ocrx_word' id='word_1_109' title='bbox 1675 2113 1763 2218; x_wconf 65' lang='lat' dir='ltr'><strong>nbn</strong></span> <span class='ocrx_word' id='word_1_110' title='bbox 1795 2123 1955 2200; x_wconf 77' lang='lat' dir='ltr'><strong>lllolath</strong></span> <span class='ocrx_word' id='word_1_111' title='bbox 1974 2137 2087 2222; x_wconf 87' lang='lat' dir='ltr'><strong>atque</strong></span> 
     </span>
     <span class='ocr_line' id='line_1_13' title="bbox 468 2248 2086 2358; baseline 0.001 -26"><span class='ocrx_word' id='word_1_112' title='bbox 468 2257 517 2332; x_wconf 89' lang='lat' dir='ltr'><strong>de</strong></span> <span class='ocrx_word' id='word_1_113' title='bbox 531 2253 888 2334; x_wconf 78' lang='lat' dir='ltr'><strong>&#39;l&#39;holadiattributo</strong></span> <span class='ocrx_word' id='word_1_114' title='bbox 915 2248 1035 2353; x_wconf 60' lang='grc' dir='ltr'><strong>κξῃη</strong></span> <span class='ocrx_word' id='word_1_115' title='bbox 1060 2249 1139 2353; x_wconf 65' lang='lat'><strong>592</strong></span> <span class='ocrx_word' id='word_1_116' title='bbox 1164 2271 1400 2334; x_wconf 87' lang='lat' dir='ltr'><strong>commentus</strong></span> <span class='ocrx_word' id='word_1_117' title='bbox 1415 2271 1473 2332; x_wconf 87' lang='lat' dir='ltr'><strong>est</strong></span> <span class='ocrx_word' id='word_1_118' title='bbox 1488 2260 1524 2334; x_wconf 92' lang='lat' dir='ltr'><strong>b.</strong></span> <span class='ocrx_word' id='word_1_119' title='bbox 1542 2257 1793 2352; x_wconf 87' lang='lat' dir='ltr'><strong>Hamakerus,</strong></span> <span class='ocrx_word' id='word_1_120' title='bbox 1819 2273 1969 2358; x_wconf 80' lang='lat' dir='ltr'><strong>atquae</strong></span> <span class='ocrx_word' id='word_1_121' title='bbox 1984 2259 2086 2334; x_wconf 88' lang='lat' dir='ltr'><strong>idem</strong></span> 
     </span>
     <span class='ocr_line' id='line_1_14' title="bbox 467 2389 2086 2494; baseline -0.002 -24"><span class='ocrx_word' id='word_1_122' title='bbox 467 2417 521 2470; x_wconf 85' lang='lat' dir='ltr'><strong>ex</strong></span> <span class='ocrx_word' id='word_1_123' title='bbox 533 2392 786 2494; x_wconf 72' lang='lat' dir='ltr'><strong>inscriptionis</strong></span> <span class='ocrx_word' id='word_1_124' title='bbox 799 2389 1003 2489; x_wconf 72' lang='lat' dir='ltr'><strong>&#39;seggensis</strong></span> <span class='ocrx_word' id='word_1_125' title='bbox 1017 2392 1095 2486; x_wconf 90' lang='lat' dir='ltr'><strong>(no.</strong></span> <span class='ocrx_word' id='word_1_126' title='bbox 1111 2395 1176 2490; x_wconf 82' lang='lat'><strong>56)</strong></span> <span class='ocrx_word' id='word_1_127' title='bbox 1190 2393 1406 2494; x_wconf 90' lang='lat' dir='ltr'><strong>apographo</strong></span> <span class='ocrx_word' id='word_1_128' title='bbox 1420 2395 1607 2492; x_wconf 81' lang='lat' dir='ltr'><strong>Bongiano</strong></span> <span class='ocrx_word' id='word_1_129' title='bbox 1624 2395 1811 2470; x_wconf 86' lang='lat' dir='ltr'><strong>mirabilia</strong></span> <span class='ocrx_word' id='word_1_130' title='bbox 1824 2395 2031 2494; x_wconf 81' lang='lat' dir='ltr'><strong>exsculpsit</strong></span> <span class='ocrx_word' id='word_1_131' title='bbox 2041 2395 2086 2489; x_wconf 86' lang='lat'><strong>⁷).</strong></span> 
     </span>
     <span class='ocr_line' id='line_1_15' title="bbox 474 2521 2086 2622; baseline -0.001 -24"><span class='ocrx_word' id='word_1_132' title='bbox 474 2523 644 2598; x_wconf 72' lang='lat' dir='ltr'><strong>Tertium</strong></span> <span class='ocrx_word' id='word_1_133' title='bbox 668 2521 859 2596; x_wconf 84' lang='lat' dir='ltr'><strong>Phoenicil</strong></span> <span class='ocrx_word' id='word_1_134' title='bbox 881 2521 996 2594; x_wconf 89' lang='lat' dir='ltr'><strong>studll</strong></span> <span class='ocrx_word' id='word_1_135' title='bbox 1021 2523 1334 2620; x_wconf 86' lang='lat' dir='ltr'><strong>impedimentum</strong></span> <span class='ocrx_word' id='word_1_136' title='bbox 1356 2526 1397 2598; x_wconf 91' lang='lat' dir='ltr'><strong>in</strong></span> <span class='ocrx_word' id='word_1_137' title='bbox 1421 2549 1466 2598; x_wconf 90' lang='lat' dir='ltr'><strong>eo</strong></span> <span class='ocrx_word' id='word_1_138' title='bbox 1490 2527 1653 2622; x_wconf 83' lang='lat' dir='ltr'><strong>posimm</strong></span> <span class='ocrx_word' id='word_1_139' title='bbox 1673 2523 1788 2600; x_wconf 83' lang='lat' dir='ltr'><strong>luisse</strong></span> <span class='ocrx_word' id='word_1_140' title='bbox 1810 2545 1961 2615; x_wconf 87' lang='lat' dir='ltr'><strong>censeo,</strong></span> <span class='ocrx_word' id='word_1_141' title='bbox 1986 2523 2086 2622; x_wconf 89' lang='lat' dir='ltr'><strong>quod</strong></span> 
     </span>
     <span class='ocr_line' id='line_1_16' title="bbox 466 2651 2085 2753; baseline -0.002 -23"><span class='ocrx_word' id='word_1_142' title='bbox 466 2655 637 2730; x_wconf 80' lang='lat' dir='ltr'><strong>uberiore</strong></span> <span class='ocrx_word' id='word_1_143' title='bbox 669 2661 709 2726; x_wconf 91' lang='lat' dir='ltr'><strong>et</strong></span> <span class='ocrx_word' id='word_1_144' title='bbox 741 2651 869 2725; x_wconf 84' lang='lat' dir='ltr'><strong>critica</strong></span> <span class='ocrx_word' id='word_1_145' title='bbox 893 2651 1209 2752; x_wconf 84' lang='lat' dir='ltr'><strong>Palaecgraphlae</strong></span> <span class='ocrx_word' id='word_1_146' title='bbox 1235 2655 1455 2730; x_wconf 85' lang='lat' dir='ltr'><strong>Phoeniciac</strong></span> <span class='ocrx_word' id='word_1_147' title='bbox 1479 2655 1718 2753; x_wconf 80' lang='lat' dir='ltr'><strong>expositione</strong></span> <span class='ocrx_word' id='word_1_148' title='bbox 1739 2653 1861 2728; x_wconf 89' lang='lat' dir='ltr'><strong>adhuc</strong></span> <span class='ocrx_word' id='word_1_149' title='bbox 1887 2655 2085 2742; x_wconf 88' lang='lat' dir='ltr'><strong>caruimus,</strong></span> 
     </span>
     <span class='ocr_line' id='line_1_17' title="bbox 465 2782 2084 2883; baseline -0.002 -25"><span class='ocrx_word' id='word_1_150' title='bbox 465 2807 561 2882; x_wconf 77' lang='lat' dir='ltr'><strong>quae</strong></span> <span class='ocrx_word' id='word_1_151' title='bbox 585 2795 669 2858; x_wconf 90' lang='lat' dir='ltr'><strong>tum</strong></span> <span class='ocrx_word' id='word_1_152' title='bbox 694 2783 930 2880; x_wconf 84' lang='lat' dir='ltr'><strong>superiorum</strong></span> <span class='ocrx_word' id='word_1_153' title='bbox 956 2783 1243 2860; x_wconf 88' lang='lat' dir='ltr'><strong>observationes</strong></span> <span class='ocrx_word' id='word_1_154' title='bbox 1267 2785 1366 2859; x_wconf 89' lang='lat' dir='ltr'><strong>lusto</strong></span> <span class='ocrx_word' id='word_1_155' title='bbox 1392 2782 1524 2858; x_wconf 89' lang='lat' dir='ltr'><strong>ordine</strong></span> <span class='ocrx_word' id='word_1_156' title='bbox 1550 2783 1750 2883; x_wconf 86' lang='lat' dir='ltr'><strong>dispositas</strong></span> <span class='ocrx_word' id='word_1_157' title='bbox 1777 2785 1975 2859; x_wconf 81' lang='lat' dir='ltr'><strong>exhiberet</strong></span> <span class='ocrx_word' id='word_1_158' title='bbox 2001 2797 2084 2856; x_wconf 89' lang='lat' dir='ltr'><strong>tum</strong></span> 
     </span>
     <span class='ocr_line' id='line_1_18' title="bbox 462 2911 2084 3008; baseline -0.003 -20"><span class='ocrx_word' id='word_1_159' title='bbox 462 2915 631 2988; x_wconf 89' lang='lat' dir='ltr'><strong>maxime</strong></span> <span class='ocrx_word' id='word_1_160' title='bbox 664 2913 776 2986; x_wconf 88' lang='lat' dir='ltr'><strong>novis</strong></span> <span class='ocrx_word' id='word_1_161' title='bbox 808 2925 980 3008; x_wconf 86' lang='lat' dir='ltr'><strong>augeret,</strong></span> <span class='ocrx_word' id='word_1_162' title='bbox 1019 2926 1148 2988; x_wconf 86' lang='lat' dir='ltr'><strong>vastas</strong></span> <span class='ocrx_word' id='word_1_163' title='bbox 1180 2915 1291 2988; x_wconf 76' lang='lat' dir='ltr'><strong>herlus</strong></span> <span class='ocrx_word' id='word_1_164' title='bbox 1325 2914 1517 2988; x_wconf 88' lang='lat' dir='ltr'><strong>doctrinae</strong></span> <span class='ocrx_word' id='word_1_165' title='bbox 1556 2914 1709 2988; x_wconf 86' lang='lat' dir='ltr'><strong>lacunas</strong></span> <span class='ocrx_word' id='word_1_166' title='bbox 1739 2913 1788 2988; x_wconf 92' lang='lat' dir='ltr'><strong>ah</strong></span> <span class='ocrx_word' id='word_1_167' title='bbox 1822 2913 1906 2987; x_wconf 86' lang='lat' dir='ltr'><strong>eliis</strong></span> <span class='ocrx_word' id='word_1_168' title='bbox 1936 2911 2084 2986; x_wconf 88' lang='lat' dir='ltr'><strong>relictas</strong></span> 
     </span>
     <span class='ocr_line' id='line_1_19' title="bbox 462 3040 2083 3142; baseline -0.002 -26"><span class='ocrx_word' id='word_1_169' title='bbox 462 3041 655 3139; x_wconf 84' lang='lat' dir='ltr'><strong>expleret,</strong></span> <span class='ocrx_word' id='word_1_170' title='bbox 682 3053 722 3114; x_wconf 91' lang='lat' dir='ltr'><strong>et</strong></span> <span class='ocrx_word' id='word_1_171' title='bbox 744 3042 801 3114; x_wconf 87' lang='lat' dir='ltr'><strong>ita</strong></span> <span class='ocrx_word' id='word_1_172' title='bbox 824 3041 1017 3116; x_wconf 80' lang='lat' dir='ltr'><strong>stabiliora</strong></span> <span class='ocrx_word' id='word_1_173' title='bbox 1031 3043 1112 3118; x_wconf 84' lang='lat' dir='ltr'><strong>clus</strong></span> <span class='ocrx_word' id='word_1_174' title='bbox 1127 3043 1376 3118; x_wconf 76' lang='lat' dir='ltr'><strong>fundamenta</strong></span> <span class='ocrx_word' id='word_1_175' title='bbox 1390 3047 1538 3118; x_wconf 88' lang='lat' dir='ltr'><strong>iaceret.</strong></span> <span class='ocrx_word' id='word_1_176' title='bbox 1590 3043 1677 3118; x_wconf 90' lang='lat' dir='ltr'><strong>Non</strong></span> <span class='ocrx_word' id='word_1_177' title='bbox 1691 3065 1813 3142; x_wconf 89' lang='lat' dir='ltr'><strong>pauca</strong></span> <span class='ocrx_word' id='word_1_178' title='bbox 1828 3040 1979 3140; x_wconf 89' lang='lat' dir='ltr'><strong>quidem</strong></span> <span class='ocrx_word' id='word_1_179' title='bbox 1993 3043 2083 3114; x_wconf 89' lang='lat' dir='ltr'><strong>scite</strong></span> 
     </span>
     <span class='ocr_line' id='line_1_20' title="bbox 462 3169 2083 3270; baseline 0 -26"><span class='ocrx_word' id='word_1_180' title='bbox 462 3171 683 3244; x_wconf 80' lang='lat' dir='ltr'><strong>observavit</strong></span> <span class='ocrx_word' id='word_1_181' title='bbox 707 3169 881 3267; x_wconf 87' lang='lat' dir='ltr'><strong>Koppius</strong></span> <span class='ocrx_word' id='word_1_182' title='bbox 913 3171 974 3264; x_wconf 90' lang='lat' dir='ltr'><strong>(v.</strong></span> <span class='ocrx_word' id='word_1_183' title='bbox 999 3171 1054 3259; x_wconf 93' lang='lat' dir='ltr'><strong>ll,</strong></span> <span class='ocrx_word' id='word_1_184' title='bbox 1079 3179 1151 3245; x_wconf 81' lang='lat'><strong>215</strong></span> <span class='ocrx_word' id='word_1_185' title='bbox 1177 3195 1255 3269; x_wconf 87' lang='lat' dir='ltr'><strong>sqq.</strong></span> <span class='ocrx_word' id='word_1_186' title='bbox 1287 3185 1327 3245; x_wconf 87' lang='lat' dir='ltr'><strong>et</strong></span> <span class='ocrx_word' id='word_1_187' title='bbox 1352 3195 1449 3270; x_wconf 89' lang='lat' dir='ltr'><strong>quae</strong></span> <span class='ocrx_word' id='word_1_188' title='bbox 1474 3175 1526 3247; x_wconf 91' lang='lat' dir='ltr'><strong>ibi</strong></span> <span class='ocrx_word' id='word_1_189' title='bbox 1552 3173 1798 3270; x_wconf 86' lang='lat' dir='ltr'><strong>laudantur),</strong></span> <span class='ocrx_word' id='word_1_190' title='bbox 1834 3171 1909 3246; x_wconf 91' lang='lat' dir='ltr'><strong>alia</strong></span> <span class='ocrx_word' id='word_1_191' title='bbox 1933 3169 2083 3245; x_wconf 90' lang='lat' dir='ltr'><strong>assidue</strong></span> 
     </span>
    </p>
   </div>
   <div class='ocr_carea' id='block_1_4' title="bbox 462 3296 2218 3399">
    <p class='ocr_par' dir='ltr' id='par_1_4' title="bbox 462 3296 2218 3399">
     <span class='ocr_line' id='line_1_21' title="bbox 462 3296 2218 3399; baseline -0.002 -24"><span class='ocrx_word' id='word_1_192' title='bbox 462 3299 648 3396; x_wconf 85' lang='lat' dir='ltr'><strong>congessit</strong></span> <span class='ocrx_word' id='word_1_193' title='bbox 670 3296 919 3394; x_wconf 87' lang='lat' dir='ltr'><strong>Lindbergius</strong></span> <span class='ocrx_word' id='word_1_194' title='bbox 946 3298 1019 3394; x_wconf 92' lang='lat' dir='ltr'><strong>(ad</strong></span> <span class='ocrx_word' id='word_1_195' title='bbox 1043 3299 1152 3376; x_wconf 85' lang='lat' dir='ltr'><strong>inser.</strong></span> <span class='ocrx_word' id='word_1_196' title='bbox 1179 3301 1334 3399; x_wconf 86' lang='lat' dir='ltr'><strong>Melit).</strong></span> <span class='ocrx_word' id='word_1_197' title='bbox 1387 3299 1463 3374; x_wconf 82' lang='lat' dir='ltr'><strong>Sed</strong></span> <span class='ocrx_word' id='word_1_198' title='bbox 1488 3321 1584 3399; x_wconf 87' lang='lat' dir='ltr'><strong>quae</strong></span> <span class='ocrx_word' id='word_1_199' title='bbox 1603 3303 1773 3398; x_wconf 88' lang='lat' dir='ltr'><strong>Koppius</strong></span> <span class='ocrx_word' id='word_1_200' title='bbox 1786 3299 1892 3372; x_wconf 89' lang='lat' dir='ltr'><strong>dedit</strong></span> <span class='ocrx_word' id='word_1_201' title='bbox 1906 3299 2083 3372; x_wconf 89' lang='lat' dir='ltr'><strong>inchoata</strong></span> <span class='ocrx_word' id='word_1_202' title='bbox 2213 3311 2218 3320; x_wconf 89' lang='lat'>&#39;</span> 
     </span>
    </p>
   </div>
   <div class='ocr_carea' id='block_1_5' title="bbox 365 3427 2081 4823">
    <p class='ocr_par' dir='ltr' id='par_1_5' title="bbox 365 3427 2081 4823">
     <span class='ocr_line' id='line_1_22' title="bbox 460 3427 2080 3528; baseline -0.001 -24"><span class='ocrx_word' id='word_1_203' title='bbox 460 3431 579 3526; x_wconf 83' lang='lat' dir='ltr'><strong>magis</strong></span> <span class='ocrx_word' id='word_1_204' title='bbox 604 3440 694 3502; x_wconf 90' lang='lat' dir='ltr'><strong>sunt</strong></span> <span class='ocrx_word' id='word_1_205' title='bbox 717 3449 832 3525; x_wconf 85' lang='lat' dir='ltr'><strong>quam</strong></span> <span class='ocrx_word' id='word_1_206' title='bbox 856 3427 1045 3526; x_wconf 80' lang='lat' dir='ltr'><strong>perlecta,</strong></span> <span class='ocrx_word' id='word_1_207' title='bbox 1078 3433 1285 3528; x_wconf 81' lang='lat' dir='ltr'><strong>expausis</strong></span> <span class='ocrx_word' id='word_1_208' title='bbox 1307 3441 1456 3506; x_wconf 88' lang='lat' dir='ltr'><strong>tantum</strong></span> <span class='ocrx_word' id='word_1_209' title='bbox 1483 3431 1739 3504; x_wconf 87' lang='lat' dir='ltr'><strong>monumentis</strong></span> <span class='ocrx_word' id='word_1_210' title='bbox 1763 3429 1811 3504; x_wconf 91' lang='lat' dir='ltr'><strong>ab</strong></span> <span class='ocrx_word' id='word_1_211' title='bbox 1839 3429 1923 3526; x_wconf 91' lang='lat' dir='ltr'><strong>ipso</strong></span> <span class='ocrx_word' id='word_1_212' title='bbox 1945 3437 2080 3502; x_wconf 88' lang='lat' dir='ltr'><strong>tracta-</strong></span> 
     </span>
     <span class='ocr_line' id='line_1_23' title="bbox 458 3555 2081 3659; baseline 0 -25"><span class='ocrx_word' id='word_1_213' title='bbox 458 3562 508 3634; x_wconf 89' lang='lat' dir='ltr'><strong>tis</strong></span> <span class='ocrx_word' id='word_1_214' title='bbox 541 3561 682 3658; x_wconf 88' lang='lat' dir='ltr'><strong>petita,</strong></span> <span class='ocrx_word' id='word_1_215' title='bbox 727 3575 849 3654; x_wconf 88' lang='lat' dir='ltr'><strong>oeque</strong></span> <span class='ocrx_word' id='word_1_216' title='bbox 882 3570 983 3632; x_wconf 85' lang='lat' dir='ltr'><strong>recte</strong></span> <span class='ocrx_word' id='word_1_217' title='bbox 1019 3555 1221 3657; x_wconf 83' lang='lat' dir='ltr'><strong>disposita,</strong></span> <span class='ocrx_word' id='word_1_218' title='bbox 1261 3561 1316 3634; x_wconf 87' lang='lat' dir='ltr'><strong>ita</strong></span> <span class='ocrx_word' id='word_1_219' title='bbox 1348 3571 1392 3634; x_wconf 91' lang='lat' dir='ltr'><strong>ut</strong></span> <span class='ocrx_word' id='word_1_220' title='bbox 1424 3557 1498 3659; x_wconf 84' lang='lat' dir='ltr'><strong>ipsi</strong></span> <span class='ocrx_word' id='word_1_221' title='bbox 1533 3561 1677 3636; x_wconf 89' lang='lat' dir='ltr'><strong>auctorl</strong></span> <span class='ocrx_word' id='word_1_222' title='bbox 1709 3580 1787 3633; x_wconf 92' lang='lat' dir='ltr'><strong>non</strong></span> <span class='ocrx_word' id='word_1_223' title='bbox 1820 3559 2081 3635; x_wconf 85' lang='lat' dir='ltr'><strong>satisfacerent</strong></span> 
     </span>
     <span class='ocr_line' id='line_1_24' title="bbox 461 3659 2079 3789; baseline 0 -28"><span class='ocrx_word' id='word_1_224' title='bbox 461 3689 705 3786; x_wconf 71' lang='lat' dir='ltr'><strong>(pugilli).</strong></span> <span class='ocrx_word' id='word_1_225' title='bbox 766 3659 896 3762; x_wconf 77' lang='lat' dir='ltr'><strong>Paullo</strong></span> <span class='ocrx_word' id='word_1_226' title='bbox 929 3690 1118 3786; x_wconf 88' lang='lat' dir='ltr'><strong>copiosior</strong></span> <span class='ocrx_word' id='word_1_227' title='bbox 1150 3702 1225 3778; x_wconf 90' lang='lat' dir='ltr'><strong>est,</strong></span> <span class='ocrx_word' id='word_1_228' title='bbox 1270 3709 1384 3789; x_wconf 88' lang='lat' dir='ltr'><strong>quam</strong></span> <span class='ocrx_word' id='word_1_229' title='bbox 1417 3689 1664 3785; x_wconf 89' lang='lat' dir='ltr'><strong>Lindbergius</strong></span> <span class='ocrx_word' id='word_1_230' title='bbox 1692 3689 1799 3786; x_wconf 88' lang='lat' dir='ltr'><strong>quasi</strong></span> <span class='ocrx_word' id='word_1_231' title='bbox 1829 3685 1933 3762; x_wconf 90' lang='lat' dir='ltr'><strong>aliud</strong></span> <span class='ocrx_word' id='word_1_232' title='bbox 1966 3709 2079 3786; x_wconf 82' lang='lat' dir='ltr'><strong>agens</strong></span> 
     </span>
     <span class='ocr_line' id='line_1_25' title="bbox 459 3817 2079 3918; baseline 0 -26"><span class='ocrx_word' id='word_1_233' title='bbox 459 3819 702 3894; x_wconf 81' lang='lat' dir='ltr'><strong>coacervavit</strong></span> <span class='ocrx_word' id='word_1_234' title='bbox 728 3819 924 3892; x_wconf 84' lang='lat' dir='ltr'><strong>materiam</strong></span> <span class='ocrx_word' id='word_1_235' title='bbox 950 3817 1318 3918; x_wconf 83' lang='lat' dir='ltr'><strong>palaeographicam:</strong></span> <span class='ocrx_word' id='word_1_236' title='bbox 1360 3817 1427 3892; x_wconf 83' lang='lat' dir='ltr'><strong>sed</strong></span> <span class='ocrx_word' id='word_1_237' title='bbox 1452 3819 1545 3892; x_wconf 88' lang='lat' dir='ltr'><strong>haec</strong></span> <span class='ocrx_word' id='word_1_238' title='bbox 1571 3839 1718 3916; x_wconf 90' lang='lat' dir='ltr'><strong>quoque</strong></span> <span class='ocrx_word' id='word_1_239' title='bbox 1743 3819 1784 3891; x_wconf 88' lang='lat' dir='ltr'><strong>ln</strong></span> <span class='ocrx_word' id='word_1_240' title='bbox 1806 3819 1935 3892; x_wconf 88' lang='lat' dir='ltr'><strong>multis</strong></span> <span class='ocrx_word' id='word_1_241' title='bbox 1960 3819 2079 3916; x_wconf 88' lang='lat' dir='ltr'><strong>iisque</strong></span> 
     </span>
     <span class='ocr_line' id='line_1_26' title="bbox 457 3943 2077 4038; baseline 0.001 -18"><span class='ocrx_word' id='word_1_242' title='bbox 457 3945 686 4020; x_wconf 81' lang='lat' dir='ltr'><strong>difficillimis</strong></span> <span class='ocrx_word' id='word_1_243' title='bbox 714 3943 824 4021; x_wconf 82' lang='lat' dir='ltr'><strong>huim</strong></span> <span class='ocrx_word' id='word_1_244' title='bbox 862 3945 1058 4022; x_wconf 83' lang='lat' dir='ltr'><strong>doctrines</strong></span> <span class='ocrx_word' id='word_1_245' title='bbox 1096 3949 1206 4037; x_wconf 87' lang='lat' dir='ltr'><strong>locis,</strong></span> <span class='ocrx_word' id='word_1_246' title='bbox 1247 3948 1354 4022; x_wconf 90' lang='lat' dir='ltr'><strong>velut</strong></span> <span class='ocrx_word' id='word_1_247' title='bbox 1388 3948 1428 4019; x_wconf 90' lang='lat' dir='ltr'><strong>in</strong></span> <span class='ocrx_word' id='word_1_248' title='bbox 1464 3947 1597 4020; x_wconf 87' lang='lat' dir='ltr'><strong>litteris</strong></span> <span class='ocrx_word' id='word_1_249' title='bbox 1631 3945 1858 4038; x_wconf 87' lang='lat' dir='ltr'><strong>Numidicis,</strong></span> <span class='ocrx_word' id='word_1_250' title='bbox 1899 3947 2077 4022; x_wconf 89' lang='lat' dir='ltr'><strong>lectorem</strong></span> 
     </span>
     <span class='ocr_line' id='line_1_27' title="bbox 458 4058 2076 4177; baseline 0.001 -29"><span class='ocrx_word' id='word_1_251' title='bbox 458 4072 616 4162; x_wconf 79' lang='lat' dir='ltr'><strong>dmcrit,</strong></span> <span class='ocrx_word' id='word_1_252' title='bbox 655 4075 911 4172; x_wconf 76' lang='lat' dir='ltr'><strong>aptoordine</strong></span> <span class='ocrx_word' id='word_1_253' title='bbox 943 4089 1068 4164; x_wconf 87' lang='lat' dir='ltr'><strong>caret,</strong></span> <span class='ocrx_word' id='word_1_254' title='bbox 1107 4077 1262 4173; x_wconf 89' lang='lat' dir='ltr'><strong>aliisque</strong></span> <span class='ocrx_word' id='word_1_255' title='bbox 1294 4058 1487 4150; x_wconf 85' lang='lat' dir='ltr'><strong>nonnullis</strong></span> <span class='ocrx_word' id='word_1_256' title='bbox 1513 4077 1661 4151; x_wconf 90' lang='lat' dir='ltr'><strong>laborat</strong></span> <span class='ocrx_word' id='word_1_257' title='bbox 1686 4079 1893 4170; x_wconf 88' lang='lat' dir='ltr'><strong>erroribus,</strong></span> <span class='ocrx_word' id='word_1_258' title='bbox 1933 4081 2076 4177; x_wconf 86' lang='lat' dir='ltr'><strong>quiex</strong></span> 
     </span>
     <span class='ocr_line' id='line_1_28' title="bbox 457 4201 2074 4306; baseline 0.001 -28"><span class='ocrx_word' id='word_1_259' title='bbox 457 4201 553 4278; x_wconf 78' lang='lat' dir='ltr'><strong>falsa</strong></span> <span class='ocrx_word' id='word_1_260' title='bbox 574 4203 809 4302; x_wconf 77' lang='lat' dir='ltr'><strong>quarundam</strong></span> <span class='ocrx_word' id='word_1_261' title='bbox 836 4204 1126 4302; x_wconf 80' lang='lat' dir='ltr'><strong>epigrapharum</strong></span> <span class='ocrx_word' id='word_1_262' title='bbox 1148 4205 1310 4278; x_wconf 87' lang='lat' dir='ltr'><strong>lectione</strong></span> <span class='ocrx_word' id='word_1_263' title='bbox 1333 4207 1493 4302; x_wconf 80' lang='lat' dir='ltr'><strong>proiecti</strong></span> <span class='ocrx_word' id='word_1_264' title='bbox 1521 4207 1595 4282; x_wconf 87' lang='lat' dir='ltr'><strong>late</strong></span> <span class='ocrx_word' id='word_1_265' title='bbox 1610 4231 1678 4306; x_wconf 92' lang='lat' dir='ltr'><strong>per</strong></span> <span class='ocrx_word' id='word_1_266' title='bbox 1693 4230 1844 4283; x_wconf 91' lang='lat' dir='ltr'><strong>omnem</strong></span> <span class='ocrx_word' id='word_1_267' title='bbox 1864 4209 2074 4282; x_wconf 87' lang='lat' dir='ltr'><strong>doctrinam</strong></span> 
     </span>
     <span class='ocr_line' id='line_1_29' title="bbox 457 4315 2073 4434; baseline 0.001 -26"><span class='ocrx_word' id='word_1_268' title='bbox 457 4344 622 4432; x_wconf 88' lang='lat' dir='ltr'><strong>serpunt.</strong></span> <span class='ocrx_word' id='word_1_269' title='bbox 674 4331 871 4406; x_wconf 88' lang='lat' dir='ltr'><strong>Praeterea</strong></span> <span class='ocrx_word' id='word_1_270' title='bbox 906 4347 987 4407; x_wconf 93' lang='lat' dir='ltr'><strong>tum</strong></span> <span class='ocrx_word' id='word_1_271' title='bbox 1020 4335 1147 4432; x_wconf 87' lang='lat' dir='ltr'><strong>plures</strong></span> <span class='ocrx_word' id='word_1_272' title='bbox 1179 4334 1278 4430; x_wconf 87' lang='lat' dir='ltr'><strong>leges</strong></span> <span class='ocrx_word' id='word_1_273' title='bbox 1304 4359 1327 4408; x_wconf 92' lang='lat' dir='ltr'><strong>a</strong></span> <span class='ocrx_word' id='word_1_274' title='bbox 1352 4335 1501 4434; x_wconf 87' lang='lat' dir='ltr'><strong>Koppio</strong></span> <span class='ocrx_word' id='word_1_275' title='bbox 1528 4347 1628 4410; x_wconf 91' lang='lat' dir='ltr'><strong>recte</strong></span> <span class='ocrx_word' id='word_1_276' title='bbox 1654 4341 1877 4413; x_wconf 86' lang='lat' dir='ltr'><strong>constitutae</strong></span> <span class='ocrx_word' id='word_1_277' title='bbox 1903 4315 1953 4410; x_wconf 87' lang='lat' dir='ltr'><strong>ali</strong></span> <span class='ocrx_word' id='word_1_278' title='bbox 1979 4339 2073 4428; x_wconf 90' lang='lat' dir='ltr'><strong>aliis,</strong></span> 
     </span>
     <span class='ocr_line' id='line_1_30' title="bbox 365 4441 2074 4570; baseline 0 -32"><span class='ocrx_word' id='word_1_279' title='bbox 365 4441 373 4460; x_wconf 68' lang='grc'><em>’</em></span> <span class='ocrx_word' id='word_1_280' title='bbox 456 4465 521 4564; x_wconf 92' lang='lat' dir='ltr'><strong>qui</strong></span> <span class='ocrx_word' id='word_1_281' title='bbox 545 4463 891 4559; x_wconf 82' lang='lat' dir='ltr'><strong>interpretamentis</strong></span> <span class='ocrx_word' id='word_1_282' title='bbox 913 4463 1143 4562; x_wconf 90' lang='lat' dir='ltr'><strong>somniisque</strong></span> <span class='ocrx_word' id='word_1_283' title='bbox 1168 4465 1246 4540; x_wconf 88' lang='lat' dir='ltr'><strong>suis</strong></span> <span class='ocrx_word' id='word_1_284' title='bbox 1271 4464 1501 4570; x_wconf 83' lang='lat' dir='ltr'><strong>adminicula</strong></span> <span class='ocrx_word' id='word_1_285' title='bbox 1526 4481 1765 4564; x_wconf 86' lang='lat' dir='ltr'><strong>quaererent,</strong></span> <span class='ocrx_word' id='word_1_286' title='bbox 1796 4469 1952 4564; x_wconf 89' lang='lat' dir='ltr'><strong>impunc</strong></span> <span class='ocrx_word' id='word_1_287' title='bbox 1974 4465 2074 4539; x_wconf 88' lang='lat' dir='ltr'><strong>solli-</strong></span> 
     </span>
     <span class='ocr_line' id='line_1_31' title="bbox 455 4593 2073 4693; baseline 0.001 -27"><span class='ocrx_word' id='word_1_288' title='bbox 455 4595 610 4684; x_wconf 85' lang='lat' dir='ltr'><strong>citatae,</strong></span> <span class='ocrx_word' id='word_1_289' title='bbox 630 4604 714 4666; x_wconf 89' lang='lat' dir='ltr'><strong>tum</strong></span> <span class='ocrx_word' id='word_1_290' title='bbox 728 4593 836 4666; x_wconf 86' lang='lat' dir='ltr'><strong>lictae</strong></span> <span class='ocrx_word' id='word_1_291' title='bbox 851 4593 1059 4668; x_wconf 88' lang='lat' dir='ltr'><strong>litterarum</strong></span> <span class='ocrx_word' id='word_1_292' title='bbox 1073 4595 1213 4691; x_wconf 83' lang='lat' dir='ltr'><strong>figurae</strong></span> <span class='ocrx_word' id='word_1_293' title='bbox 1228 4617 1279 4668; x_wconf 87' lang='lat' dir='ltr'><strong>ex</strong></span> <span class='ocrx_word' id='word_1_294' title='bbox 1295 4599 1550 4670; x_wconf 87' lang='lat' dir='ltr'><strong>monumentis</strong></span> <span class='ocrx_word' id='word_1_295' title='bbox 1567 4599 1666 4672; x_wconf 87' lang='lat' dir='ltr'><strong>male</strong></span> <span class='ocrx_word' id='word_1_296' title='bbox 1685 4597 1880 4672; x_wconf 88' lang='lat' dir='ltr'><strong>delineatis</strong></span> <span class='ocrx_word' id='word_1_297' title='bbox 1896 4595 2073 4693; x_wconf 90' lang='lat' dir='ltr'><strong>lectisque</strong></span> 
     </span>
     <span class='ocr_line' id='line_1_32' title="bbox 452 4723 2072 4823; baseline 0.004 -29"><span class='ocrx_word' id='word_1_298' title='bbox 452 4723 494 4795; x_wconf 91' lang='lat' dir='ltr'><strong>in</strong></span> <span class='ocrx_word' id='word_1_299' title='bbox 518 4723 666 4796; x_wconf 77' lang='lat' dir='ltr'><strong>tabulas</strong></span> <span class='ocrx_word' id='word_1_300' title='bbox 691 4733 864 4820; x_wconf 83' lang='lat' dir='ltr'><strong>receptae</strong></span> <span class='ocrx_word' id='word_1_301' title='bbox 889 4736 996 4796; x_wconf 89' lang='lat' dir='ltr'><strong>sunt:</strong></span> <span class='ocrx_word' id='word_1_302' title='bbox 1031 4743 1151 4823; x_wconf 89' lang='lat' dir='ltr'><strong>coque</strong></span> <span class='ocrx_word' id='word_1_303' title='bbox 1176 4747 1236 4800; x_wconf 88' lang='lat' dir='ltr'><strong>res</strong></span> <span class='ocrx_word' id='word_1_304' title='bbox 1261 4725 1433 4818; x_wconf 88' lang='lat' dir='ltr'><strong>devenit,</strong></span> <span class='ocrx_word' id='word_1_305' title='bbox 1466 4741 1509 4802; x_wconf 91' lang='lat' dir='ltr'><strong>ut</strong></span> <span class='ocrx_word' id='word_1_306' title='bbox 1528 4727 1646 4801; x_wconf 90' lang='lat' dir='ltr'><strong>cuivis</strong></span> <span class='ocrx_word' id='word_1_307' title='bbox 1665 4739 1879 4799; x_wconf 87' lang='lat' dir='ltr'><strong>commento</strong></span> <span class='ocrx_word' id='word_1_308' title='bbox 1895 4737 1935 4800; x_wconf 88' lang='lat' dir='ltr'><strong>et</strong></span> <span class='ocrx_word' id='word_1_309' title='bbox 1953 4727 2072 4800; x_wconf 88' lang='lat' dir='ltr'><strong>cuivis</strong></span> 
     </span>
    </p>
   </div>
   <div class='ocr_carea' id='block_1_6' title="bbox 449 5036 2067 5416">
    <p class='ocr_par' dir='ltr' id='par_1_6' title="bbox 449 5036 2067 5332">
     <span class='ocr_line' id='line_1_33' title="bbox 515 5036 2066 5125; baseline 0.002 -25"><span class='ocrx_word' id='word_1_310' title='bbox 515 5036 548 5120; x_wconf 75' lang='lat' dir='ltr'><strong>d)</strong></span> <span class='ocrx_word' id='word_1_311' title='bbox 570 5037 650 5101; x_wconf 76' lang='lat' dir='ltr'><strong>vids</strong></span> <span class='ocrx_word' id='word_1_312' title='bbox 662 5039 701 5102; x_wconf 74' lang='lat' dir='ltr'><strong>nd</strong></span> <span class='ocrx_word' id='word_1_313' title='bbox 713 5041 816 5103; x_wconf 81' lang='lat' dir='ltr'><strong>Melit.</strong></span> <span class='ocrx_word' id='word_1_314' title='bbox 833 5046 863 5102; x_wconf 92' lang='grc'><strong>1.</strong></span> <span class='ocrx_word' id='word_1_315' title='bbox 881 5038 999 5102; x_wconf 74' lang='lat' dir='ltr'><strong>Auen.</strong></span> <span class='ocrx_word' id='word_1_316' title='bbox 1018 5045 1048 5102; x_wconf 92' lang='lat'><strong>1.</strong></span> <span class='ocrx_word' id='word_1_317' title='bbox 1064 5046 1096 5101; x_wconf 77' lang='lat'><strong>2.</strong></span> <span class='ocrx_word' id='word_1_318' title='bbox 1116 5040 1179 5102; x_wconf 84' lang='lat' dir='ltr'><strong>cit.</strong></span> <span class='ocrx_word' id='word_1_319' title='bbox 1190 5047 1223 5104; x_wconf 80' lang='lat'><strong>2.</strong></span> <span class='ocrx_word' id='word_1_320' title='bbox 1359 5037 1392 5122; x_wconf 82' lang='lat'><strong>7)</strong></span> <span class='ocrx_word' id='word_1_321' title='bbox 1414 5041 1494 5103; x_wconf 83' lang='lat' dir='ltr'><strong>Vide</strong></span> <span class='ocrx_word' id='word_1_322' title='bbox 1516 5057 1594 5120; x_wconf 83' lang='lat' dir='ltr'><strong>qnae</strong></span> <span class='ocrx_word' id='word_1_323' title='bbox 1615 5036 1838 5120; x_wconf 72' lang='lat' dir='ltr'><strong>disputavimus</strong></span> <span class='ocrx_word' id='word_1_324' title='bbox 1857 5057 1890 5120; x_wconf 92' lang='lat' dir='ltr'><strong>p.</strong></span> <span class='ocrx_word' id='word_1_325' title='bbox 1916 5045 1975 5103; x_wconf 81' lang='lat' dir='ltr'><strong>lll</strong></span> <span class='ocrx_word' id='word_1_326' title='bbox 1999 5063 2066 5125; x_wconf 87' lang='lat' dir='ltr'><strong>sqq.</strong></span> 
     </span>
     <span class='ocr_line' id='line_1_34' title="bbox 451 5141 2067 5228; baseline 0.001 -22"><span class='ocrx_word' id='word_1_327' title='bbox 451 5141 560 5206; x_wconf 70' lang='lat' dir='ltr'><strong>cati.</strong></span> <span class='ocrx_word' id='word_1_328' title='bbox 589 5149 699 5205; x_wconf 74' lang='lat' dir='ltr'><strong>l-d.</strong></span> <span class='ocrx_word' id='word_1_329' title='bbox 722 5149 754 5206; x_wconf 82' lang='grc'><strong>5.</strong></span> <span class='ocrx_word' id='word_1_330' title='bbox 779 5150 811 5206; x_wconf 77' lang='grc' dir='ltr'><strong>Β.</strong></span> <span class='ocrx_word' id='word_1_331' title='bbox 850 5143 978 5206; x_wconf 83' lang='lat' dir='ltr'><strong>Numid.</strong></span> <span class='ocrx_word' id='word_1_332' title='bbox 1009 5151 1038 5206; x_wconf 91' lang='lat' dir='ltr'><strong>l.</strong></span> <span class='ocrx_word' id='word_1_333' title='bbox 1069 5151 1102 5207; x_wconf 85' lang='lat'><strong>2.</strong></span> <span class='ocrx_word' id='word_1_334' title='bbox 1133 5151 1165 5208; x_wconf 82' lang='lat' dir='ltr'><strong>d.</strong></span> <span class='ocrx_word' id='word_1_335' title='bbox 1180 5143 1222 5214; x_wconf 82' lang='grc'><strong>,4.</strong></span> <span class='ocrx_word' id='word_1_336' title='bbox 1296 5151 1357 5211; x_wconf 89' lang='grc'><strong>170</strong></span> <span class='ocrx_word' id='word_1_337' title='bbox 1374 5163 1441 5224; x_wconf 76' lang='lat' dir='ltr'><strong>sqq.</strong></span> <span class='ocrx_word' id='word_1_338' title='bbox 1474 5144 1534 5205; x_wconf 78' lang='lat' dir='ltr'><strong>tst</strong></span> <span class='ocrx_word' id='word_1_339' title='bbox 1558 5164 1626 5224; x_wconf 81' lang='lat' dir='ltr'><strong>sqq.</strong></span> <span class='ocrx_word' id='word_1_340' title='bbox 1660 5141 1756 5226; x_wconf 74' lang='lat' dir='ltr'><strong>(addo</strong></span> <span class='ocrx_word' id='word_1_341' title='bbox 1778 5145 1909 5227; x_wconf 80' lang='lat' dir='ltr'><strong>append.</strong></span> <span class='ocrx_word' id='word_1_342' title='bbox 1934 5143 1992 5228; x_wconf 80' lang='lat' dir='ltr'><strong>s),</strong></span> <span class='ocrx_word' id='word_1_343' title='bbox 2025 5147 2067 5208; x_wconf 79' lang='lat' dir='ltr'><strong>tl.</strong></span> 
     </span>
     <span class='ocr_line' id='line_1_35' title="bbox 449 5247 1753 5332; baseline -0.002 -23"><span class='ocrx_word' id='word_1_344' title='bbox 449 5249 572 5330; x_wconf 85' lang='lat' dir='ltr'><strong>Tripol.</strong></span> <span class='ocrx_word' id='word_1_345' title='bbox 584 5255 614 5309; x_wconf 89' lang='lat' dir='ltr'><strong>l.</strong></span> <span class='ocrx_word' id='word_1_346' title='bbox 625 5255 656 5325; x_wconf 87' lang='lat'><strong>2,</strong></span> <span class='ocrx_word' id='word_1_347' title='bbox 673 5269 784 5331; x_wconf 86' lang='lat' dir='ltr'><strong>gemm.</strong></span> <span class='ocrx_word' id='word_1_348' title='bbox 798 5268 851 5310; x_wconf 86' lang='lat' dir='ltr'><strong>no.</strong></span> <span class='ocrx_word' id='word_1_349' title='bbox 863 5255 904 5312; x_wconf 87' lang='grc'><strong>67</strong></span> <span class='ocrx_word' id='word_1_350' title='bbox 919 5260 976 5313; x_wconf 84' lang='lat' dir='ltr'><strong>ter.</strong></span> <span class='ocrx_word' id='word_1_351' title='bbox 991 5271 1078 5314; x_wconf 81' lang='lat' dir='ltr'><strong>nam.</strong></span> <span class='ocrx_word' id='word_1_352' title='bbox 1088 5250 1222 5315; x_wconf 78' lang='lat' dir='ltr'><strong>Marath.</strong></span> <span class='ocrx_word' id='word_1_353' title='bbox 1292 5249 1458 5313; x_wconf 80' lang='lat' dir='ltr'><strong>Hamakeri</strong></span> <span class='ocrx_word' id='word_1_354' title='bbox 1471 5247 1563 5311; x_wconf 69' lang='lat' dir='ltr'><strong>dicu.</strong></span> <span class='ocrx_word' id='word_1_355' title='bbox 1581 5269 1613 5332; x_wconf 91' lang='lat' dir='ltr'><strong>p.</strong></span> <span class='ocrx_word' id='word_1_356' title='bbox 1631 5254 1671 5312; x_wconf 70' lang='lat'><strong>³6</strong></span> <span class='ocrx_word' id='word_1_357' title='bbox 1686 5266 1753 5330; x_wconf 84' lang='lat' dir='ltr'><strong>sqq.</strong></span> 
     </span>
    </p>

    <p class='ocr_par' dir='ltr' id='par_1_7' title="bbox 449 5353 1694 5416">
     <span class='ocr_line' id='line_1_36' title="bbox 449 5353 1694 5416; baseline -0.001 0"><span class='ocrx_word' id='word_1_358' title='bbox 449 5353 573 5416; x_wconf 81' lang='lat' dir='ltr'><strong>Heracl.</strong></span> <span class='ocrx_word' id='word_1_359' title='bbox 591 5354 632 5415; x_wconf 86' lang='lat' dir='ltr'><strong>al.</strong></span> <span class='ocrx_word' id='word_1_360' title='bbox 1690 5361 1694 5376; x_wconf 83' lang='lat'>&#39;</span> 
     </span>
    </p>
   </div>
   <div class='ocr_carea' id='block_1_7' title="bbox 0 0 2454 6306">
    <p class='ocr_par' dir='ltr' id='par_1_8' title="bbox 0 0 2454 6306">
     <span class='ocr_line' id='line_1_37' title="bbox 0 0 2454 6306; baseline 0 11"><span class='ocrx_word' id='word_1_361' title='bbox 0 0 2454 6306; x_wconf 95' lang='lat' dir='ltr'><strong> </strong></span> 
     </span>
    </p>
   </div>
  </div>
 </body>
</html>
