4978 6296
501 635 626 708 XXIV
1103 629 1535 700 PRAEFATIO.

372 855 382 867 ·
508 827 634 902 codice
674 827 932 924 quaestionem
971 822 1092 898 editor
1132 824 1173 894 in
1207 821 1507 920 praefatiuncula
1538 821 1726 895 versutius
1748 845 1871 921 ,quarn
1904 821 2126 921 prudentius

509 935 648 1056 scripta
679 979 728 1028 ne
760 957 883 1050 tetigit
915 950 1064 1051 quidem
1101 951 1198 1050 (quo
1230 953 1312 1050 ipso
1345 973 1514 1026 caussam
1548 974 1654 1024 suam
1684 950 1891 1026 deseruisse
1918 952 2127 1028 censendus

510 1089 614 1182 est):
656 1087 846 1182 ipsiusque
884 1083 968 1154 libri
1003 1103 1187 1172 examen,
1215 1094 1276 1154 ·ut
1315 1082 1389 1155 alia
1429 1081 1548 1156 multa
1586 1095 1733 1156 taceam
1774 1105 1870 1179 quae
1911 1085 2127 1180 nuperrime

511 1216 688 1314 exposuit
717 1213 845 1284 Odofr.
873 1210 1054 1284 Miillems
1080 1211 1148 1308 ³³),
1192 1224 1340 1284 tanturn
1370 1212 1482 1284 abest
1514 1224 1556 1283 ut
1590 1213 1729 1284 veteris
1764 1211 1958 1286 cuiusdam
1992 1212 2127 1286 codicis

511 1346 770 1420 auctoritatem
798 1340 954 1438 prodat,
990 1353 1032 1414 ut
1057 1364 1159 1414 nova
1184 1340 1301 1413 editio
1327 1339 1421 1413 libro
1447 1341 1589 1437 prima,
1624 1363 1735 1438 quem
1762 1341 1885 1416 salurn
1913 1342 2128 1438 diligentius

512 1474 730 1548 examinare
770 1473 896 1570 patui,
940 1468 1166 1544 Orellianam
1211 1467 1552 1542 Sanclruniatbonis
1593 1469 1889 1565 fragmentorum
1924 1471 2127 1545 editionem
2178 1519 2180 1523 -

512 1627 599 1677 cum
625 1601 836 1676 manifestis
862 1623 1061 1697 operarum
1085 1601 1187 1674 vitiis
1214 1612 1293 1671 turn
1319 1600 1359 1670 in
1382 1598 1515 1672 litteris
1542 1610 1622 1671 turn
1655 1600 1823 1672 maxime
1848 1601 1888 1672 iu
1915 1602 2129 1676 accentibus

510 1733 681 1807 admissis
704 1730 844 1803 referat
868 1726 930 1818 ³⁴).
1043 1757 1047 1764 ·

635 1862 716 1934 lam
744 1881 836 1932 vero
862 1857 955 1930 nibil
970 1869 1157 1955 superest,
1184 1879 1296 1956 quiam
1319 1870 1362 1930 ut
1381 1858 1471 1932 m’ris
1494 1855 1612 1930 doctis
1632 1857 1892 1956 bonarumque
1917 1857 2127 1934 litterarum

420 2077 425 2096 ‚
513 1990 741 2077 fautoribus,
783 1989 845 2084 qui
879 2010 994 2083 quum
1018 1987 1099 2060 aliis
1133 1987 1321 2060 beneficiis
1345 1999 1426 2059 tum
1463 1987 1649 2082 imprimis
1681 1989 1971 2062 subministratis
1997 1989 2131 2088 apibus

511 2119 664 2194 ineditis
682 2117 729 2192 de
746 2117 816 2188 boc
834 2140 948 2215 apere
964 2129 1200 2206 meruerunt,
1227 2139 1318 2213 quas
1336 2117 1473 2211 gratias
1488 2114 1667 2206 babeam,
1693 2139 1757 2190 eas
1770 2118 1899 2215 palam
1912 2121 2130 2217 persolvam

514 2271 565 2324 ex
592 2250 727 2320 intimo
753 2259 918 2344 pectore.
978 2245 1021 2317 In
1048 2245 1105 2319 his
1131 2268 1222 2342 prae
1246 2247 1377 2318 ceteris
1402 2257 1507 2340 grato
1536 2247 1663 2318 animo
1689 2245 1928 2320 memorandi
1953 2263 2058 2323 sunt:
2091 2253 2131 2322 in

514 2380 688 2454 Bmussia
720 2387 871 2472 praeter
902 2374 1135 2448 academiam
1169 2375 1322 2469 Regiam
1354 2374 1586 2480 Barussicam
1622 2375 1699 2448 Viri
1735 2375 2051 2452 Excellentissimi
2086 2379 2132 2453 de

514 2505 725 2582 alterneto
743 2517 781 2577 et
796 2502 989 2594 deivillare,
1012 2505 1053 2576 in
1069 2503 1235 2576 Summis
1249 2503 1433 2578 Borussici
1453 2484 1562 2600 regni
1581 2503 1834 2595 Administris,
1857 2507 1955 2602 ring.
1970 2507 2132 2599 Baeellr,

513 2638 584 2710 Ed.
606 2633 797 2723 Gerlarrl,
812 2635 856 2706 Ε.
873 2634 922 2706 Η.
948 2632 1085 2708 llillien
1101 2633 1370 2723 Baralinenses,
1387 2633 1455 2706 Fr.
1473 2631 1627 2706 Rr‘tsclrl
1638 2631 1939 2710 Vratislavieusis
1955 2642 2005 2734 (p.
2021 2637 2132 2734 363);

513 2771 555 2840 in
582 2767 663 2840 aliis
680 2765 914 2838 'Germaniae
936 2763 1107 2861 partibus
1132 2763 1169 2836 C.
1191 2759 1233 2836 0.
1255 2761 1403 2836 Miller
1423 2763 1677 2858 Gottingensis
1705 2764 1721 2859 (
1728 2787 1764 2861 p.
1786 2770 1868 2837 182.
1885 2765 2000 2861 211),
2025 2767 2069 2839 0.
2087 2766 2132 2838 F.

421 2929 424 2934 ·
519 2893 798 2992 Grotcfenelias
814 2894 1118 2968 Hannoveranus
1136 2891 1152 2988 (
1158 2915 1195 2988 p.
1214 2897 1272 2963 74.
1293 2893 1368 2990 75),
1398 2893 1506 2964 aare.
1524 2889 1775 2994 Seyffertlrae
1790 2893 1842 2990 (p.
1862 2895 1952 2992 225)
1972 2912 2011 2973 et
2024 2896 2069 2968 Ε.
2086 2897 2131 2970 F.

513 3003 630 3098 Ferd.
647 3023 746 3096 Beer
762 3023 816 3119 (p.
834 3028 919 3096 245.
935 3022 1031 3120 363)
1045 3021 1269 3120 lipsienses,
1294 3021 1392 3118 deig.
1413 3019 1521 3096 Bril'r
1536 3019 1864 3118 Heidelbergensis
1879 3023 1932 3121 (p.
1948 3029 2021 3098 363
2031 3027 2065 3122 );
2092 3028 2132 3098 iu

515 3154 652 3249 Anglia
666 3165 817 3250 praeter
835 3152 1070 3226 Societatem
1081 3151 1296 3224 Attalicum
1309 3152 1357 3242 37)
1374 3164 1411 3224 et
1424 3150 1671 3249 areliqoitatis
1685 3153 1947 3228 studiosarum
1963 3153 2132 3230 saciata·

581 3368 635 3454 33)
660 3372 798 3449 Garung.
822 3369 969 3430 Gelcbrte
986 3371 1143 3450 Arrzcigen
1163 3391 1216 3430 no.
1237 3375 1288 3430 52.
1358 3380 1497 3440 noemam
1527 3372 1559 3432 in
1588 3371 1697 3452 Anglia
1726 3373 1863 3434 adiutum
1896 3374 1946 3432 sil.
1991 3370 2141 3452 bordon·

581 3473 635 3558 al)
656 3477 698 3536 V.
713 3497 742 3536 c.
761 3471 951 3555 ἓκκριφέντες
968 3494 1000 3554 p.
1019 3479 1071 3546 20,
1091 3473 1146 3533 lin.
1168 3475 1206 3534 14
1217 3519 1225 3548 ,
1255 3486 1292 3532 ut
1360 3480 1412 3536 27.
1427 3473 1610 3538 Fetorem
1654 3475 1714 3550 Sir,
1738 3475 1804 3534 The
1822 3519 1937 3536 ......
1958 3473 2132 3538 Orientaliet

517 3581 599 3664 apud
613 3579 712 3642 Orell.
731 3599 763 3659 p.
776 3583 815 3639 28
830 3597 887 3659 pro
902 3573 1091 3660 ἐκριφέντες,
1108 3575 1291 3658 παρίὸωσαν

516 3709 548 3768 p.
564 3693 604 3746 26
628 3687 683 3746 lin.
704 3685 745 3744 24
756 3693 835 3760 ,.ut
855 3683 936 3764 apud
960 3682 1059 3743 Orell.
1084 3703 1115 3760 p.
1132 3685 1173 3741 to
1195 3683 1289 3742 liat

519 3791 638 3873 (neque
667 3811 731 3850 non
765 3789 872 3869 Viger.
904 3797 935 3846 et
962 3787 1043 3846 Rob.
1076 3785 1204 3867 steph.)
1233 3807 1291 3868 pra

517 3893 716 3975 παρέδωκαν,
739 3887 876 3972 εἷ’ρασται
898 3911 930 3972 p.
947 3895 987 3952 25
1004 3890 1059 3949 lin.
1079 3897 1135 3965 12,
1160 3901 1195 3950 ut
1211 3891 1291 3970 apud

521 4001 620 4060 Orell.
649 4019 681 4079 p.
709 4004 770 4074 lo,
793 3998 849 4056 lin.
872 4003 913 4055 20
951 3994 1005 4074 (et
1027 3992 1205 4074 Vigerium)
1235 4015 1291 4074 pro

519 4099 695 4184 εἴργασται,
732 4111 767 4161 ut
800 4110 883 4161 recle
920 4101 960 4158 R.
990 4099 1171 4178 Stephanus.
1218 4100 1292 4157 Duo

518 4209 622 4296 priora
646 4207 767 4286 quidem
792 4204 949 4284 exempla,
988 4223 1064 4282 quae
1090 4205 1199 4264 vitiosa
1227 4221 1291 4262 esse

1359 3577 1417 3639 Dr.
1446 3575 1602 3656 Gerenius,
1636 3577 1797 3654 Professor
1820 3577 1863 3660 of
1883 3577 2008 3641 Hebraea
2033 3583 2064 3640 in
2087 3581 2134 3642 tlte

1364 3681 1532 3766 University
1564 3685 1606 3765 of
1617 3681 1732 3758 Helle,
1769 3685 1800 3742 in
1819 3683 1962 3761 Proteia,
1992 3683 2058 3746 ruba
2078 3683 2133 3748 llas

1360 3788 1428 3848 been
1448 3785 1510 3873 far
1540 3811 1629 3870 many
1656 3808 1743 3866 years
1764 3787 1897 3868 engaged
1929 3792 1961 3850 in
1989 3795 2134 3875 anquiries

1360 3893 1524 3974 respecting
1548 3887 1637 3952 Gaias
1659 3905 1686 3950 et
1707 3889 1904 3974 inscriptions
1926 3897 1957 3954 in
1975 3893 2023 3955 tlte
2037 3893 2134 3959 Plion—

1361 3997 1460 4055 nician
1470 3992 1530 4053 anti
1539 3991 1753 4075 Carthaginien
1764 3995 1931 4074 char-aeter,
1947 3997 2135 4086 bassarmeel

1360 4098 1409 4158 tlte
1420 4096 1492 4180 plan
1508 4097 1672 4184 ‹ifuniting
1686 4101 1716 4158 in
1730 4123 1749 4160 a
1763 4099 1851 4185 body,
1868 4099 1928 4162 antl
1941 4109 2135 4187 commenting

1361 4227 1454 4285 upon,
1483 4215 1519 4262 aa
1534 4225 1622 4287 many
1637 4203 1679 4289 af
1686 4203 1763 4264 these
1778 4209 1892 4266 ancient
1907 4221 2084 4270 monuments
2100 4235 2134 4272 ar

519 4322 624 4395 postea
639 4309 853 4369 animadvertit
870 4307 988 4384 e‘ditor,
1017 4309 1049 4367 in
1062 4309 1179 4368 Erratis
1195 4308 1293 4369 corri-
1353 4307 1436 4366 nave
1461 4305 1588 4368 litberto
1613 4307 1679 4369 been
1700 4307 1873 4393 publicini,
1909 4334 1944 4370 or
1967 4311 2042 4373 bave
2066 4313 2133 4374 been

520 4428 652 4499 guntin:
684 4415 737 4474 sed
751 4413 849 4472 nihilo
871 4413 968 4473 secius
991 4435 1023 4471 ee
1039 4433 1137 4472 novae
1150 4414 1293 4472 editionis
1352 4409 1457 4498 fiand
1478 4409 1514 4495 by
1531 4411 1590 4472 liim
1609 4415 1638 4473 in
1661 4412 1709 4473 ile
1727 4413 1880 4497 principal
1900 4415 2053 4478 Museums
2075 4419 2136 4480 and

518 4523 637 4584 fontem
654 4519 799 4601 produnt.
845 4518 927 4579 Vide
945 4514 980 4574 V
978 4515 1137 4600 arlr'iufigec
1152 4516 1222 4576 iiber
1239 4513 1292 4574 tlen

519 4650 610 4687 neuen
641 4620 901 4696 Sancliuniatlean,
940 4623 970 4681 in
997 4623 1078 4702 Atlg.
1103 4623 1182 4683 Litt.
1210 4623 1289 4682 Zeil.

519 4732 582 4792 Int.
599 4731 694 4791 Blatt.
718 4749 771 4789 no.
793 4734 846 4790 21.

585 4832 637 4915 37)
654 4835 756 4913 Atque
770 4833 844 4892 haec
859 4833 983 4912 quidem
997 4832 1129 4890 Societas
1144 4848 1293 4888 novarum

522 4941 611 5000 etiam
634 4959 727 5019 opum
750 4937 1006 5018 impetrandorum
1030 4955 1112 5015 spem
1129 4935 1249 5014 aperuit
1264 4937 1295 4994 in

521 5037 648 5122 epistola
686 5041 818 5125 encyclia
857 5065 947 5124 nuper
982 5038 1060 5100 oltra
1098 5035 1138 5098 ael
1167 5037 1297 5120 Angliae

519 5167 672 5229 praxeam
698 5149 728 5206 in
758 5145 873 5229 Africa
901 5144 993 5222 data,
1035 5165 1125 5227 quam
1149 5146 1295 5226 integram

522 5271 661 5332 appono,
695 5262 731 5310 ut
757 5251 816 5310 boc
841 5251 982 5331 exemplo
1008 5251 1177 5333 intelligent
1198 5252 1296 5313 lecta-

521 5377 588 5436 τοῦ,
623 5367 733 5438 quanta
747 5355 920 5417 officiorum
936 5357 1114 5418 liberalitate
1131 5359 1295 5418 consilium

1366 4515 1541 4578 Collections
1555 4517 1786 4605 afAntiqnities
1800 4523 1829 4580 in
1844 4517 1971 4604 Europe,
1991 4521 2088 4585 collide
2100 4523 2135 4584 lie

1364 4621 1417 4680 lias
1431 4638 1506 4716 mest
1521 4619 1668 4710 tarefiilly
1680 4621 1906 4710 examinetlsor
1919 4625 1983 4685 tlrnt
1996 4653 2132 4712 purpose.

1366 4725 1432 4786 Tire
1460 4725 1628 4790 Committee
1655 4725 1697 4812 os
1728 4726 1982 4814 corresponderet
2018 4733 2060 4812 es
2087 4732 2134 4792 the

1363 4829 1466 4916 Royal
1478 4833 1602 4895 Asiatic
1613 4823 1750 4916 Society,⁸
1770 4832 1854 4920 fully
1869 4837 2075 4917 appreciating
2088 4835 2136 4896 tlte

1364 4941 1546 5019 importante
1575 4933 1618 5020 af
1635 4935 1693 4995 tlris
1718 4935 1792 5019 plan
1815 4938 1877 5024 sar
1897 4941 2062 5020 improving
2082 4963 2136 5001 aar

1364 5038 1534 5118 knowledge
1556 5039 1598 5124 ⁰f
1610 5063 1664 5100 ane
1679 5040 1722 5127 cs
1730 5041 1778 5101 tlte
1790 5057 1865 5103 mast
1880 5045 1995 5102 ancient
2008 5040 2136 5124 langua-

1362 5167 1414 5226 ges
1436 5141 1478 5227 af
1491 5142 1539 5202 tlte
1559 5142 1634 5204 East
1643 5193 1652 5221 ‚
1684 5145 1806 5228 beamng
1819 5145 1867 5205 tlre
1881 5161 1994 5205 nearest
2010 5145 2136 5210 relation

1365 5265 1394 5309 ta
1412 5248 1458 5307 tbe
1473 5247 1619 5330 Hebrew3
1648 5250 1708 5316 and
1726 5253 1921 5331 entertaining
1939 5265 1970 5309 at
1991 5250 2039 5311 tlte
2056 5277 2136 5314 same

1364 5357 1432 5413 time
1452 5353 1499 5414 tlte
1520 5354 1633 5438 lriglieet
1653 5360 1771 5440 opinion
1786 5357 1829 5444 af
1843 5355 1892 5417 tlte
1907 5353 1997 5418 taleni
2013 5355 2135 5440 already
