4992 6292
502 656 553 730 78
624 645 758 716 LlBEll
779 644 955 712 PRIMUS.
997 641 1372 732 PAIAEOGRAI’HIA
1391 641 1645 712 PHOENlClA.
1688 642 1838 711 CAPUT
1859 642 2084 722 QUlN'l'UM.

503 859 598 920 nere,
614 853 692 902 ‘non
709 835 779 898 cius
800 839 935 897 mrem
956 851 1047 910 esse,
1077 829 1231 916 illiusque
1253 831 1495 917 inscriptionis,
1524 831 1565 895 da
1588 832 1679 895 ouius
1702 843 1807 894 aetate
1822 845 1855 894 at
1869 828 1984 918 lingua
1994 835 2125 898 minime

505 962 648 1030 ocnsmt,
684 947 809 1012 litteras
831 966 850 1006 a
874 943 1003 1030 chpio
1026 957 1059 1007 at
1080 946 1133 1028 qni
1155 943 1240 1007 huno
1261 957 1382 1008 tornare
1404 945 1505 1008 secuti
1526 957 1620 1022 runt,
1654 944 1725 1006 risa
1748 939 1814 1006 ulla
1835 944 1953 1008 idonea
1976 966 2074 1011 crura
2092 948 2127 1010 in

503 1067 606 1149 prima
628 1062 728 1126 totins
748 1056 944 1122 litteraturae
967 1058 1036 1120 acie
1059 1055 1232 1158 collocatos
1255 1077 1339 1122 esre.

622 1262 659 1327 0.
699 1254 945 1323 SCRIPTUBA
974 1255 1289 1323 HEBRAEORUM
1311 1249 1563 1333 ANTIQUIOR
1585 1253 1683 1322 CUM
1705 1253 2008 1322 SAMABITANA.
2119 1325 2124 1336 ,

1249 1428 1286 1504 ’1.
1315 1433 1367 1492 51.

943 1564 1099 1626 Prisca
1128 1559 1422 1626 Hebraeorum
1451 1565 1685 1646 scripturn.

632 1724 660 1782 1.
698 1717 779 1782 Eam
801 1718 1012 1801 scripturam,
1052 1735 1133 1800 quaa
1161 1715 1195 1778 in
1224 1714 1403 1800 principum
1433 1710 1699 1776 Maccahaeorum
1723 1715 1923 1778 numismatis
1948 1731 2124 1801 comparet,

503 1833 642 1918 priscam
679 1828 780 1894 fuisse
816 1827 1041 1904 Hebraeorum
1076 1823 1304 1904 litteraturam,
1341 1827 1374 1888 in
1414 1847 1453 1889 eo
1489 1841 1616 1890 nostrae
1653 1828 1766 1890 aetatis
1795 1823 2028 1913 Palaeographi
2056 1827 2125 1892 lare

505 1943 727 2019 consentiunt,
758 1939 853 2026 idque
875 1963 895 2003 a
918 1938 1012 2003 nohis
1034 1935 1112 2002 alibi
1135 1939 1295 2024 copiosius
1317 1939 1510 2024 disputatum
1532 1941 1572 2022 *).
1616 1939 1770 2003 Eiusdem
1792 1949 1897 2002 autem
1918 1960 2124 2026 permagnam
2228 1938 2233 1946 ’

504 2075 576 2120 esse
607 2075 680 2118 oum
706 2050 821 2117 litteris
850 2050 1058 2116 Samaritania
1085 2049 1327 2116 similitudinem
1357 2053 1403 2114 ita
1430 2053 1574 2138 agnitum
1603 2064 1653 2116 est
1679 2072 1700 2115 a
1727 2051 1807 2115 viris
1836 2050 1958 2130 doctis,
1997 2073 2039 2116 ex
2061 2073 2125 2139 quc

504 2170 705 2232 innotescere
728 2177 899 2251 coeperunt
917 2159 974 2226 illa
996 2165 1208 2242 numismata,
1247 2175 1282 2226 ut
1303 2178 1433 2250 propter
1455 2164 1516 2228 hoo
1538 2167 1642 2260 ipsum
1664 2164 1704 2227 ad
1727 2177 1838 2228 nostra
1859 2184 1960 2250 usqua
1983 2145 2126 2249 tempora

505 2281 623 2359 „numi
646 2277 858 2356 Samaritani,
890 2273 1294 2340 Hebraeo-Samaritahi“
1317 2273 1474 2364 appellati
1499 2279 1564 2341 sint
1593 2279 1641 2360 (ς.
1658 2277 1717 2362 2),
1746 2275 1824 2340 licet
1843 2275 1884 2340 ed
1906 2273 2126 2341 Samaritanos

504 2412 638 2478 prorsus
667 2411 730 2454 non
752 2391 947 2475 pertinerent
967 2387 1026 2470 **).
1072 2385 1289 2474 Quaecunque
1310 2389 1409 2475 igitur
1431 2391 1591 2475 antiquior
1615 2390 1685 2454 aius
1699 2387 1844 2454 ‘historia
1865 2401 1914 2452 est
1935 2426 1978 2439 —
2001 2409 2064 2474 qua
2086 2389 2125 2453 de

503 2525 538 2568 re
561 2503 721 2588 disputare
743 2522 827 2565 nnnc
850 2521 913 2564 non
937 2513 1091 2564 vacat-
1112 2498 1193 2564 illud
1215 2503 1428 2565 certissimum
1450 2502 1594 2580 videtur,
1629 2524 1648 2566 a
1673 2502 1848 2568 Phoenicia
1861 2499 2040 2565 litteratura
2054 2505 2124 2564 eam

503 2629 690 2702 prognatam
719 2635 807 2693 esse,
845 2633 865 2676 a
891 2611 1105 2677 Samaritanis
1132 2627 1239 2677 autem
1260 2627 1369 2698 utpote
1392 2627 1533 2678 veterem
1555 2628 1587 2678 at
1607 2617 1781 2702 genuinam
1803 2609 1913 2700 populi
1935 2615 2124 2699 scripturam

504 2729 613 2814 paucis
637 2727 765 2791 mutetis
795 2739 968 2804 retentam,
1009 2747 1104 2810 quum
1132 2723 1248 2790 ludaei
1279 2740 1389 2790 contre
1418 2724 1613 2791 Aramaeum
1643 2727 1803 2814 quoddam
1832 2724 1995 2798 scribendi
2021 2745 2124 2812 genus

504 2838 769 2925 amplecterentur
787 2837 848 2924 (ol.
861 2841 957 2917 Μ,
967 2837 1020 2922 4);
1043 2857 1145 2922 nequo
1161 2857 1293 2922 prorsus
1308 2840 1541 2904 contemnenda
1554 2854 1603 2904 cst
1618 2843 1694 2904 trita
1708 2837 1765 2903 illa
1779 2839 1819 2902 de
1836 2839 1993 2923 scriptura
2004 2850 2126 2900 mutata

506 2952 653 3028 traditio,
692 2971 786 3036 quem
822 2945 973 3036 tanquam
1009 2946 1155 3012 inutilem
1189 2947 1340 3014 labellum
1374 2949 1534 3016 abiectam
1568 2949 1680 3016 volum
1706 2947 1854 3016 nonnulli
1881 2951 2078 3014 recentiores
2105 2971 2126 3014 a

504 3061 633 3149 Koppio
662 3061 732 3146 (ll,
763 3067 824 3128 160
852 3063 939 3148 sqq.)
973 3061 1092 3126 dictata
1118 3075 1240 3126 temere
1268 3065 1429 3139 cecinere,
1464 3085 1558 3148 qnam
1588 3065 1657 3127 suis
1685 3061 1787 3128 oculis
1815 3062 1925 3127 videre
1958 3059 2124 3127 malentes.

506 3173 697 3260 Quanquam
710 3175 795 3238 enim
810 3173 904 3238 facile
920 3173 1135 3251 concedimus,
1152 3173 1267 3237 Esram
1281 3177 1457 3259 scripturae
1472 3187 1611 3236 mutatae
1627 3187 1788 3239 auctorem
1804 3195 1955 3240 essenon
1971 3153 2136 3260 potuisse,
2179 3193 2183 3204 ¹

506 3300 537 3351 et
552 3290 739 3372 scripturam
753 3286 940 3368 quadratam
956 3283 1067 3352 seculo
1076 3287 1201 3352 demum
1214 3283 1369 3370 posthr.
1378 3287 1475 3352 tertio
1490 3298 1594 3350 ortam
1607 3307 1690 3366 erse,
1704 3301 1844 3351 attamen
1852 3285 1993 3352 Judaeos
2006 3283 2125 3350 seculis
2168 3269 2175 3278 ’

505 3421 611 3464 aeram
636 3397 843 3462 christianam
866 3400 1011 3484 proxime
1035 3397 1299 3462 antecedentibus
1319 3419 1384 3462 ana
1405 3419 1476 3462 cnm
1496 3397 1606 3484 lingua
1628 3397 1790 3466 Chaldaea
1811 3401 1909 3462 etium
1929 3398 2124 3464 Arnrnaeum

410 3539 422 3546 ·
504 3511 662 3597 quoddam
684 3511 859 3596 scripturae
881 3531 984 3596 genus
1004 3511 1190 3596 adoptasse,
1225 3508 1421 3574 ludaeorum
1442 3509 1674 3598 Aegyptiorum
1699 3523 1906 3574 monumenta
1928 3512 1973 3590 (ς.
1994 3518 2034 3575 41
2055 3533 2123 3598 sqq.

502 3623 558 3688 lib.
582 3621 624 3701 ll,
649 3643 715 3709 cap.
733 3623 773 3705 8)
795 3618 973 3687 luculenter
995 3624 1121 3688 docent.
1164 3623 1334 3688 Praeterea
1354 3626 1513 3708 scriptura
1535 3625 1688 3710 quadrata
1710 3625 1843 3686 minima
1865 3644 1906 3686 ex
1935 3625 2041 3709 prisca
2067 3621 2125 3687 illa

502 3734 726 3800 Hebraeorum
749 3737 905 3822 scriptura
925 3747 995 3799 orta
1016 3749 1085 3814 est,
1115 3757 1210 3822 qnam
1232 3757 1316 3799 nuno
1338 3749 1530 3817 tractemus,
1557 3757 1637 3820 qnae
1661 3747 1772 3798 contra
1787 3733 1997 3800 Samaritanis
2012 3739 2122 3801 cessit:

503 3850 559 3914 sed
591 3869 634 3914 ex
661 3833 821 3910 Mamaea
845 3845 1047 3935 Aegyptiace
1074 3863 1106 3912 et
1127 3847 1337 3931 Palmyrena,
1368 3863 1404 3912 ut
1425 3848 1523 3913 verbo
1546 3849 1669 3926 dicam,
1692 3867 1733 3910 ex
1758 3843 1927 3912 Aramaeis
1947 3850 2124 3934 scripturae

503 3959 695 4047 generibus,
725 3980 805 4044 quae
832 3957 894 4023 soli
914 3958 1045 4047 liuguae
1066 3959 1245 4026 Aramaeae
1267 3958 1455 4026 scribendae
1474 3957 1551 4026 olim
1574 3958 1818 4025 adhibebantur.
1870 3959 1999 4041 Quodsi
2025 3963 2125 4048 igitur

466 4111 468 4114 ·
505 4071 693 4138 Hebraeum
708 4069 839 4136 Veteris
861 4069 1061 4137 Testamenti
1081 4088 1266 4138 contextum
1287 4075 1320 4136 in
1343 4071 1507 4137 codicibus
1530 4071 1585 4136 his
1601 4053 1718 4148 litteris
1739 4085 1906 4138 exaratum
1929 4076 2122 4150 invenimus,

504 4207 567 4250 nou
590 4205 759 4270 possumus
781 4205 844 4248 nou
867 4186 994 4265 dicere,
1033 4183 1092 4250 has
1116 4186 1156 4249 ad
1179 4183 1342 4249 Hebraica
1363 4183 1532 4248 scribenda
1554 4187 1736 4252 translator
1759 4207 1841 4252 esso.

563 4367 568 4377 ⁸
609 4291 709 4360 Numi
723 4294 784 4360 hac
798 4293 980 4362 litteratura
994 4301 1138 4383 inscripti
1153 4299 1229 4362 inde
1244 4296 1285 4362 ah
1300 4318 1385 4361 anno
1399 4294 1530 4362 CLXX
1546 4300 1790 4384 computationis
1803 4295 2041 4362 Seleucidarum
2057 4297 2124 4383 (qui

506 4411 610 4493 coepit
630 4423 801 4474 auctumno
824 4413 900 4474 anni
918 4433 950 4496 p.
968 4409 1009 4474 V.
1026 4407 1063 4474 C.
1076 4413 1178 4494 611),
1202 4433 1264 4496 quo
1280 4413 1440 4496 principes
1456 4405 1643 4475 Maccabeei
1658 4423 1805 4475 monetae
1819 4411 1981 4474 cudendae
1996 4412 2122 4474 veniam

505 4520 716 4606 impetrarunt
737 4524 775 4607 (1
794 4521 899 4587 Maec.
915 4529 966 4602 te,
982 4523 1061 4608 41),
1097 4525 1167 4587 cusi
1189 4537 1282 4601 runt,
1312 4521 1455 4609 plerique
1478 4545 1498 4586 a
1519 4523 1689 4602 simeone,
1719 4519 1907 4588 nonnullis
1930 4520 2122 4600 Jonatbane,
2166 4545 2168 4556 ¹

503 4636 598 4719 penei
616 4636 704 4722 iique
720 4633 881 4722 bilingues
898 4635 1034 4720 (graece
1049 4647 1082 4700 ot
1096 4633 1249 4700 hebraice
1264 4637 1432 4722 inscripti)
1452 4635 1493 4703 ab
1513 4635 1702 4702 Alexandro
1722 4633 1867 4697 Jannaeo
1889 4647 1921 4696 et
1940 4631 2123 4720 Antigono:

505 4745 660 4811 delineeti
680 4761 713 4811 et
733 4745 884 4832 explicati
913 4739 1009 4833 quum
1038 4747 1081 4812 ah
1110 4746 1183 4812 aliis
1212 4747 1340 4828 multis,
1377 4770 1456 4837 quos
1484 4761 1631 4814 recenset
1659 4743 1836 4811 Eclrbelins
1858 4743 1918 4826 lll,
1940 4751 2023 4826 456,
2056 4760 2123 4812 tum

560 4985 589 5054 *)
607 4987 755 5039 Gerchiehte
772 4987 818 5038 der
835 4987 904 5040 hebr.
923 4989 1037 5054 Sprcehe
1053 4985 1082 5056 §.
1100 4985 1134 5041 tr
1153 5005 1212 5058 sqq.
1223 4985 1279 5043 lei.
1347 5005 1407 5042 rum
1423 4995 1542 5057 potestm
1560 4999 1596 5038 art
1615 4983 1754 5038 codicibus
1770 4991 1836 5036 ncta
1854 4986 1982 5051 eret‚1ed
2000 4988 2122 5066 valorem

505 5083 584 5152 Kopp
601 5087 636 5135 Β.
656 5083 708 5134 ssd
726 5085 800 5136 Scir.
818 5084 856 5150 lt,
875 5101 901 5153 p.
914 5087 975 5137 220.
1348 5085 1495 5154 priscarum
1509 5081 1684 5133 hebraearum
1697 5077 1727 5129 in
1739 5078 1827 5132 nonnis
1839 5080 1981 5134 obviarunt
1994 5083 2123 5138 delinien-

554 5179 600 5249 *')
625 5179 725 5232 Eadem
742 5179 811 5232 haec
828 5195 889 5232 cnm
909 5179 1005 5234 litteris
1023 5180 1191 5235 samaritanis
1207 5180 1283 5235 simi-
1349 5183 1411 5232 dnm
1442 5175 1576 5230 adhibitae
1604 5185 1683 5229 snut:
1718 5181 1866 5248 heramque
1888 5189 1951 5248 ope
1974 5178 2122 5234 litterarum

504 5275 591 5330 titudo
620 5273 687 5330 viris
717 5274 805 5328 doctis
830 5275 904 5329 ιιίαιιι
932 5277 966 5329 ad
997 5277 1100 5332 litteras
1125 5278 1282 5347 phoeniciae
1349 5272 1551 5346 phoenicinrmn
1570 5281 1688 5343 potestas
1707 5275 1838 5329 extricata
1857 5275 1899 5345 (§.
1915 5280 1941 5329 2.
1958 5275 2002 5343 3).

506 5373 634 5445 legendas
650 5370 755 5426 suerit.
790 5371 972 5426 dementante
990 5373 1061 5427 enirn
1080 5374 1195 5441 litterae,
1217 5389 1283 5440 qus·
