4992 6292
505 616 578 688 102
629 609 763 676 uranu
777 561 1024 676 sucuuous.
1068 601 1409 704 msenrrrroues
1424 601 1709 673 uuosnrcma.
1752 601 1901 672 curua
1915 603 2106 672 namon.

459 831 466 846 .
502 801 644 886 disputat
669 769 871 862 Bodckbius:
908 795 974 870 „in
1002 794 1043 854 iis
1070 793 1149 876 ipsis
1181 803 1286 856 autern
1317 830 1344 856 ..
1369 788 1467 878 longe
1487 790 1600 857 absum
1623 791 1663 858 ab
1686 813 1798 858 eorum
1819 790 1969 873 leuitate,
2007 797 2126 882 quiex

503 915 679 998 scripturae
708 910 834 974 ratione
862 905 1110 990 uniuscuiusque
1138 905 1357 989 inscriptionis
1385 919 1510 990 tempus
1537 905 1583 979 ite
1612 905 1776 992 designari
1805 927 1902 991 potae
1932 921 2059 992 putent,
2091 921 2128 972 ιιι

503 1023 636 1090 alteram
664 1019 765 1085 altera
794 1015 846 1080 vel
872 1018 1077 1080 vetustiorem
1109 1013 1160 1079 vel
1190 1019 1400 1082 recentiorem
1430 1037 1502 1080 esse
1527 1015 1745 1104 intelligemus
1778 1061 1862 1084 .....
1914 1019 2011 1084 Enim
2047 1041 2127 1086 vom

501 1139 595 1202 istam
617 1134 729 1198 iudicii
751 1129 1022 1216 perspicacitatem
1047 1129 1175 1192 nonnisi
1197 1130 1221 1192 ii
1244 1127 1307 1192 sibi
1330 1129 1522 1194 vindicatum
1540 1144 1634 1209 eunt,
1663 1131 1717 1217 qui
1731 1150 1843 1196 reeens
1857 1135 1891 1196 in
1909 1130 1971 1196 boc
1984 1133 2125 1198 studitun

502 1245 702 1315 involarent:
726 1241 827 1306 multo
848 1244 881 1304 in
905 1239 962 1303 illa
984 1262 1019 1303 re
1042 1243 1165 1304 cautior
1187 1239 1247 1304 fuit
1262 1239 1371 1324 Scipio
1386 1239 1557 1324 Mallejus,
1580 1244 1744 1328 quiquam
1761 1241 2125 1331 rnultosininscriptio-

502 1359 596 1428 nibus
617 1356 786 1422 verrendis
809 1375 911 1417 annos
935 1356 1182 1432 consumsisset,
1206 1353 1341 1431 latetur,
1364 1373 1566 1416 communem
1587 1355 1713 1442 quidem
1736 1369 1769 1418 et
1787 1376 1857 1419 ase
1872 1377 1968 1441 saepe
1983 1357 2124 1422 auditam

500 1472 693 1540 seutentiam
714 1489 807 1547 esse,
833 1466 949 1530 Graeci
971 1467 1168 1529 monumenti
1186 1468 1344 1550 scriptura
1359 1467 1503 1551 inspecte
1518 1463 1656 1552 intelligi
1669 1465 1780 1551 probe,
1802 1489 1878 1532 num
1893 1483 1967 1532 ante
1981 1466 2125 1534 Alexan.

499 1587 592 1652 druru
614 1605 654 1647 ee
673 1603 715 1646 au
735 1594 848 1666 postea
869 1579 1022 1642 marmori
1046 1576 1205 1663 insculpta
1224 1577 1337 1642 fuerit:
1366 1576 1430 1644 sibi
1452 1592 1558 1641 tamen
1579 1579 1754 1642 identidem
1769 1578 1849 1644 baec
1864 1581 2074 1668 perpendenti
2089 1603 2126 1646 ac

499 1706 708 1764 monumenta
738 1695 820 1757 varii
841 1693 971 1778 generis
994 1687 1199 1776 perlustranti
1221 1693 1437 1756 incertissima
1461 1691 1530 1754 visa
1549 1711 1621 1754 esse
1644 1693 1753 1756 omnia
1775 1689 2007 1780 fallacibusque
2031 1715 2125 1780 regu·

501 1810 543 1876 lis
562 1808 666 1896 plena.
678 1811 700 1846 “

1292 1935 1334 2000 ΙΙ.

884 2074 1378 2144 MELITENSIS
1419 2077 1740 2146 ALTERA.

629 2258 659 2319 1.
703 2249 842 2338 Reperta
866 2263 916 2312 est
936 2247 1016 2311 baec
1037 2242 1204 2336 inscriptio
1227 2271 1311 2316 auno
1334 2255 1413 2316 1761
1444 2253 1479 2316 in
1501 2253 1632 2338 regiona
1647 2249 1780 2317 Melitae
1796 2251 1922 2317 insulae
1939 2251 2000 2317 ttm
2023 2252 2076 2318 lca
2098 2277 2126 2318 ι.

500 2369 603 2436 Gbisa
619 2367 719 2444 dicta,
742 2363 798 2428 ubi
812 2365 846 2426 iu
865 2379 1002 2425 caverna
1016 2359 1185 2446 sepulcrali
1202 2361 1350 2442 latuerat,
1375 2377 1407 2426 et
1420 2385 1520 2448 nsque
1537 2365 1579 2430 ad
1597 2385 1715 2428 annum
1735 2369 1818 2428 1810
1832 2379 1864 2428 et
1883 2367 1967 2450 quod
1984 2369 2125 2432 excurrit

501 2501 601 2570 penes
631 2475 820 2543 Melitenses
849 2473 950 2538 luisse
979 2475 1113 2538 videtur.
1165 2473 1319 2562 Migravit
1348 2489 1460 2560 postea
1488 2477 1521 2539 in
1552 2473 1773 2541 collectionem
1796 2499 1901 2542 rerum
1924 2480 2124 2562 antiquarum

501 2593 715 2660 Parisiensem
738 2585 887 2674 (cabinet
905 2587 961 2650 des
983 2587 1169 2673 antiques),
1199 2588 1254 2652 ubi
1276 2590 1451 2652 etiamnum
1474 2601 1599 2666 exstat,
1636 2591 1694 2654 sed
1717 2611 1736 2652 a
1758 2591 1890 2654 sinistra
1909 2604 2000 2675 parte
2023 2589 2132 2655 fracta.

453 2691 454 2696 ἵ
502 2719 535 2770 et
551 2701 707 2772 mutilate.
750 2698 833 2764 'l'res
854 2703 924 2762 eius
946 2697 1178 2764 delineatione·
1200 2699 1376 2779 habentur,
1400 2719 1511 2764 ornnes
1534 2721 1574 2768 eo
1597 2715 1738 2787 tempore
1759 2701 1885 2780 fectae,
1914 2723 1977 2788 quo
1999 2704 2124 2790 integer

502 2828 670 2905 supererat
701 2813 793 2900 lapis.
845 2809 952 2876 Unam
982 2831 1002 2875 a
1032 2810 1205 2876 Francisco
1227 2811 1312 2899 Agio
1334 2813 1374 2877 de
1397 2810 1565 2892 Soldanis,
1595 2811 1808 2878 bibliothecae
1833 2813 2012 2880 Melitensis
2034 2835 2126 2902 prae·

500 2929 602 3007 fecto,
631 2941 796 3012 acceptam
818 2925 905 2988 dedit
926 2920 1025 2987 Casu.
1043 2942 1088 2988 ns:
1102 2919 1332 2988 Teanenuzzu
1353 2926 1386 2988 in
1403 2922 1498 2990 sicil.
1514 2931 1681 3012 inscripti.
1709 2931 1793 2992 1769
1815 2949 1846 3012 p.
1864 2932 1937 2992 293.
1980 2923 2124 2992 Alteram

502 3063 521 3108 a
544 3037 840 3116 Venuti,.Abbate
862 3049 894 3098 et
915 3037 1096 3120 antiquario
1116 3033 1279 3114 Romano,
1309 3033 1373 3100 sibi
1394 3038 1526 3100 missam
1548 3037 1682 3102 exbibet
1702 3038 1753 3104 lo.
1776 3039 1933 3103 Swrxros
1949 3041 1982 3104 in
1996 3038 2122 3106 Philus.

508 3155 742 3220 Trouancu'om
769 3146 810 3212 Τ.
834 3145 923 3211 Llll.
953 3146 1017 3210 tab.
1041 3153 1080 3212 17
1103 3148 1154 3211 ed.
1176 3147 1282 3210 Lond.
1304 3148 1344 3211 ad
1366 3169 1485 3212 anunm
1509 3155 1591 3216 1763
1614 3150 1667 3236 (p.
1690 3157 1753 3216 tto
1774 3154 1824 3216 ed.
1848 3150 1999 3236 Viteb.)‚
2028 3174 2121 3240 quarn
2145 3191 2153 3208 ·

502 3265 676 3350 repetiit‘in
701 3262 806 3324 minus
831 3271 1025 3322 contractam
1048 3258 1151 3344 Kopp
1172 3257 1309 3344 (Bilder
1328 3259 1397 3324 und
1417 3257 1590 3340 Schriften
1614 3258 1629 3327 l
1652 3285 1682 3349 p.
1706 3267 1800 3330 250:
1844 3263 1988 3329 Tertiam
2010 3265 2121 3330 itidem

501 3377 636 3444 minoris
669 3369 791 3437 moduli
819 3391 839 3434 a
865 3369 1030 3434 Bardonio
1061 3369 1285 3435 Panormitano
1317 3386 1479 3458 acceptam
1509 3375 1609 3440 edidit
1646 3375 1698 3440 Sir
1730 3375 1899 3441 Wraurru
1929 3375 2120 3442 Dammosn

502 3493 537 3555 in
557 3483 729 3573 opusculo,
762 3485 813 3548 cui
842 3482 1042 3550 inscribitur:
1079 3483 1137 3548 An
1159 3505 1253 3568 corcy
1274 3505 1315 3548 on
1343 3505 1364 3550 a
1388 3492 1491 3572 punio
1520 3493 1716 3574 inscription
1735 3488 1851 3567 found
1871 3495 1906 3552 s'a
1929 3488 1984 3552 the
2005 3487 2124 3555 Irloed

503 3600 546 3682 of
561 3599 684 3666 Malta.
729 3595 780 3679 By
801 3593 860 3660 Sir
888 3593 1036 3660 Witttan
1058 3593 1267 3662 Drumtaottd.
1300 3597 1437 3664 London
1463 3605 1556 3664 1810.
1577 3609 1608 3664 4.
1816 3681 1819 3688 y

630 3707 757 3774 Novem
779 3707 893 3793 lapidis
917 3706 1182 3788 delineationem,
1204 3725 1239 3774 ιιι
1262 3733 1346 3775 ιιιιιιο
1361 3711 1492 3776 Parisiis
1508 3724 1623 3789 exmat,
1647 3709 1909 3797 lloblenbergius
1924 3715 2011 3778 misit
2027 3721 2119 3792 tata,

502 3828 554 3894 cui
576 3844 679 3910 nuper
701 3819 745 3886 ill.
769 3819 931 3884 Roohettii
953 3818 1110 3885 beneficio
1124 3825 1259 3886 accessit
1272 3845 1426 3908 gypseum
1441 3823 1585 3886 eiusdem
1600 3837 1744 3907 ectypuru
1760 3845 1779 3886 a
1797 3823 1961 3892 Schultrio
1977 3829 2120 3892 missurn.

503 3937 610 4015 Quum
631 3935 764 3998 maioris
786 3919 907 3997 moduli
929 3937 971 3996 sit
991 3954 1150 4013 marmor,
1188 3957 1283 4021 quam
1305 3950 1339 3998 nt
1361 3955 1470 3998 verens
1492 3935 1563 3997 eius
1585 3936 1835 4020 magnitudinem
1864 3953 1992 4022 caperet
2014 3943 2123 4026 operis

501 4051 604 4116 nostri
632 4047 752 4124 lorrna,
785 4046 951 4131 idemque,
989 4061 1025 4111 ut
1062 4047 1221 4125 diximus,
1262 4069 1282 4109 a
1316 4049 1446 4111 sinistra
1480 4059 1569 4132 parte
1602 4067 1750 4112 mancum
1787 4053 1846 4128 sit,
1883 4053 2121 4138 inscriptionem

411 4187 414 4195 ι
502 4157 679 4249 paullulum
694 4160 912 4224 contraximus
927 4160 1016 4223 etad
1031 4157 1246 4224 Swintoniani
1260 4157 1400 4244 excrupli
1414 4153 1435 4237 ⁴(
1445 4159 1530 4244 quod
1547 4161 1645 4236 trium
1660 4162 1800 4245 priorum
1815 4166 2120 4248 praestantissimum

501 4277 570 4357 est)
595 4291 777 4335 mensuram
798 4273 1035 4345 revocavimus:
1059 4269 1210 4356 hisquae
1232 4291 1317 4334 nunc
1339 4270 1456 4335 desunt
1477 4291 1520 4335 ex
1542 4271 1654 4336 eodem
1678 4269 1917 4359 suppletis,'ita
1938 4289 2062 4352 tamen,
2086 4289 2122 4338 ut
2181 4315 2189 4324 -

501 4385 680 4452 accuratius
709 4377 961 4470 distinguantur,
1001 4402 1082 4469 quae
1117 4402 1137 4445 a
1164 4380 1258 4447 nobis
1290 4385 1324 4446 in
1353 4404 1513 4448 marmore
1539 4386 1627 4463 visa,
1663 4408 1744 4472 quaa
1774 4409 1794 4451 ιι
1822 4387 1989 4454 Swintone
2010 4402 2120 4452 mutuo

501 4511 630 4583 accepta
659 4498 735 4560 sint.
784 4494 894 4560 Frusti
922 4495 1106 4580 superstitis
1134 4515 1211 4558 vera
1236 4493 1404 4582 longitudo
1432 4512 1481 4562 est
1509 4503 1529 4561 9
1551 4497 1721 4584 digitorum
1745 4521 1912 4566 mensurae
1934 4499 2120 4579 Rhenanus,

500 4607 634 4675 altitudo
657 4614 678 4672 8
701 4607 891 4694 digitorum:
913 4608 947 4670 in
970 4604 1154 4692 apographo
1176 4621 1285 4672 nostro
1307 4605 1364 4672 illa
1385 4614 1423 4688 7,
1455 4608 1536 4675 haec
1558 4612 1600 4698 6}
1622 4613 1740 4696 digitos
1762 4610 1867 4678 babet.

628 4719 721 4802 Quae
744 4719 829 4805 apud
852 4718 1049 4784 Swintouem
1071 4721 1178 4784 miuus
1193 4719 1276 4784 bena
1291 4723 1375 4805 picta
1389 4725 1473 4802 sint,
1495 4726 1536 4789 ad
1552 4721 1776 4788 nonnullarum
1790 4723 1968 4788 litterarum
1982 4720 2119 4809 figurem

500 4847 662 4919 spectant,
690 4845 878 4920 potestatem
900 4852 1010 4896 earum
1032 4853 1098 4897 non
1120 4846 1269 4920 tangunt:
1283 4835 1377 4920 'quod
1400 4837 1476 4921 quid
1498 4837 1559 4912 sit,
1583 4833 1632 4898 uel
1654 4856 1698 4898 ex
1718 4837 1776 4912 iia,
1800 4857 1881 4922 qrrae
1897 4857 1938 4900 ex
1954 4836 2119 4898 Swintone

500 4943 737 5031 supplevimus,
776 4943 914 5032 intelligi
944 4957 1059 5030 potest.
1108 4945 1251 5011 Pertinet
1278 4945 1339 5012 boc
1368 4950 1568 5034 potissimum
1598 4947 1640 5010 ad
1667 4945 1788 5032 figures
1819 4947 1901 5012 cte:
1933 4963 1965 5012 at
1993 4945 2122 5012 Larted

500 5055 697 5136 litterarum,
730 5080 864 5144 quarum
886 5056 943 5122 illa
963 5057 1052 5142 lyrae
1074 5059 1142 5125 lere
1163 5060 1298 5125 formam
1319 5061 1419 5125 refert
1439 5061 1521 5145 epod
1544 5057 1759 5138 Swintouem,
1781 5059 1861 5122 bace
1883 5059 1966 5144 apud
1981 5060 2118 5124 eundern

501 5189 574 5236 erus
602 5167 698 5234 babet
727 5172 898 5236 rotundum
934 5173 967 5235 iu
993 5173 1122 5238 modum
1152 5169 1224 5238 Τιιιι
1251 5171 1394 5252 litterae,
1434 5193 1530 5258 quum
1562 5191 1675 5236 revera
1703 5186 1825 5236 rectum
1854 5175 1906 5236 sit.
1959 5169 2053 5238 Plura
2085 5175 2116 5234 in

498 5281 713 5348 Drummoudi
741 5281 889 5368 exemplo
918 5283 1184 5370 reprehendenda
1212 5299 1305 5364 suut,
1333 5284 1421 5350 velut
1442 5284 1497 5350 Hc
1518 5281 1643 5348 litterae
1670 5281 1776 5370 ligura
1798 5307 1900 5370 paene
1923 5281 2137 5370 portentosa.¹
