4978 6296
684 641 893 709 HISTORIA
917 639 1189 710 tirrannum
1213 639 1273 708 ET
1295 641 1653 714 utantotttmrttm.
1955 658 1979 732 3

356 829 629 896 fflarrrnnaurus
649 831 840 896 Parisiensis
860 833 894 896 in
917 830 969 896 bis
992 829 1138 917 legendis
1160 831 1348 897 industriam
1370 847 1544 916 posuerunt
1565 832 1660 918 plane
1681 836 1894 923 siugularem,
1917 865 1979 928 qua

354 944 514 1022 ellectum,
535 957 571 1008 ut
592 943 814 1032 plerarumque
836 941 1013 1044 litterarum
1037 956 1191 1032 potestate
1213 957 1300 1008 recte
1322 945 1472 1032 indagata
1484 949 1582 1011 totius
1596 945 1867 1036 palaeograprae
1881 952 1979 1038 pboe·

355 1057 459 1122 niciae
474 1071 596 1122 certum
611 1058 768 1144 quoddam
784 1055 1026 1120 fundamentum
1042 1058 1213 1120 iaceretur:
1238 1077 1419 1144 quanquam
1435 1055 1606 1122 dolendum
1623 1075 1682 1138 est,
1708 1060 1790 1126 inter
1811 1063 1870 1128 bos
1892 1069 1979 1152 ipsus

353 1171 539 1236 dnurnriros
568 1173 635 1234 tum
664 1171 704 1234 de
731 1169 851 1256 primae
872 1170 1068 1232 inventionis
1089 1167 1184 1233 laude
1207 1185 1272 1234 tum
1296 1171 1336 1235 de
1357 1167 1554 1256 singulorum
1579 1188 1856 1240 monumentorum
1879 1179 1980 1244 inter·

353 1265 531 1367 pretatione
552 1282 699 1347 acerbius
722 1285 798 1346 mcx
817 1294 1032 1345 concertatum
1046 1303 1128 1352 esse.
1174 1279 1246 1358 Qua
1262 1283 1301 1345 de
1317 1285 1535 1348 controversia
1550 1283 1652 1370 deque
1668 1287 1834 1376 utriusque
1849 1291 1979 1376 ingenio

354 1409 385 1459 et
407 1395 441 1458 iu
463 1395 567 1459 studia
588 1393 757 1480 phoenicia
779 1395 901 1458 meritis
930 1395 974 1457 ita
997 1395 1201 1460 iudicandum
1224 1397 1360 1460 videtur.
1405 1389 1596 1482 Quanquam
1625 1399 1736 1484 negari
1768 1420 1831 1464 oon
1862 1397 2001 1486 potants

353 1505 529 1574 Swintonis
550 1509 669 1592 primas
691 1507 731 1570 da
753 1507 1016 1592 inscriptionibus
1039 1505 1152 1571 Citieis
1175 1521 1206 1570 et
1228 1509 1268 1571 de
1291 1507 1381 1572 cifris
1413 1506 1591 1593 phoeniciis
1619 1511 1860 1576 dissertationes
1889 1517 1979 1599 prius

354 1640 448 1704 quem
471 1617 569 1682 ullum
592 1639 631 1682 ea
651 1621 691 1684 de
714 1642 749 1691 re
765 1617 984 1704 Bartlrelenryi
1006 1618 1149 1683 libellum
1166 1621 1324 1704 prodiisse
1348 1623 1590 1704 (1750.1753):
1614 1617 1858 1706 Bartbelemyus
1872 1639 1978 1691 tamen

354 1734 461 1796 statim
482 1734 515 1796 in
539 1735 660 1817 prima,
692 1753 773 1818 quae
799 1748 849 1797 est
870 1733 911 1797 de
934 1731 1097 1797 Melitensi
1119 1731 1274 1818 bilingui,
1304 1731 1440 1796 diatriba
1463 1734 1574 1816 (tres)
1608 1733 1783 1800 Sn¹intonis
1812 1736 1979 1833 conatibus

354 1843 452 1931 longe
472 1842 706 1910 excellentiora
723 1846 897 1930 praestitit,
926 1861 958 1909 et
978 1860 1100 1909 tantam
1123 1844 1235 1910 aberat
1257 1843 1424 1925 Samson,
1457 1858 1492 1908 ut
1513 1865 1585 1910 enm
1609 1849 1770 1933 surrigere
1791 1864 1919 1934 posset,
1945 1866 1979 1916 nt

354 1979 450 2043 saepe
465 1959 536 2022 eius
550 1979 677 2022 errores
691 1961 922 2043 sequeretur‘).
945 1955 1087 2022 Omnino
1104 1959 1187 2021 enim
1197 1955 1444 2041 Barthelemyus
1458 1961 1581 2045 ingenii
1594 1957 1771 2024 subtilitate
1778 1974 1812 2024 et
1820 1959 1980 2048 elegantia

353 2083 449 2158 atque
464 2071 608 2156 ingenito
624 2069 760 2154 quodam
775 2067 1022 2155 pulchritudinis
1036 2093 1147 2152 sensu,
1163 2076 1216 2158 qni
1233 2069 1312 2134 nihil
1330 2069 1424 2134 facile
1438 2073 1631 2150 admitteret,
1647 2093 1739 2158 quarn
1753 2074 1835 2158 quod
1849 2073 1979 2161 liugane

355 2198 387 2246 ct
403 2183 601 2248 monumenti
616 2184 779 2246 cuiusdam
800 2182 979 2248 rationibus
993 2186 1264 2248 accommodatum
1284 2197 1380 2262 esset,
1403 2203 1499 2268 qaum
1516 2181 1589 2248 aliis
1607 2181 1715 2248 multis
1730 2199 1796 2250 tum
1814 2184 1980 2250 Swintone

354 2295 452 2383 louge
472 2301 617 2384 superior
638 2315 725 2379 crat,
749 2299 864 2386 quibas
887 2297 1057 2362 virtuthus
1080 2295 1252 2360 accedebat
1270 2293 1442 2381 singularis
1464 2297 1578 2360 indicit
1599 2295 1758 2361 sobrietas
1773 2311 1806 2360 et
1822 2299 1981 2364 modestis

354 2411 388 2474 in
410 2409 463 2474 bis
485 2415 624 2476 maxime
652 2415 766 2478 studiis
788 2431 851 2476 non
875 2413 954 2476 satis
981 2409 1248 2474 commendanda:
1279 2404 1427 2470 Swinton
1456 2420 1584 2486 contra,
1616 2410 1759 2492 quamvis
1782 2407 1981 2476 confidenter

356 2520 472 2608 ubique
500 2539 533 2588 et
560 2545 625 2588 non
654 2528 724 2589 sine
754 2523 869 2588 acerba
899 2524 1074 2588 adversarii
1098 2520 1347 2606 reprehensione
1367 2517 1509 2596 locutas,
1542 2517 1641 2583 multa
1662 2534 1767 2584 tamen
1791 2523 1980 2588 admittebat

354 2655 374 2698 a
396 2637 508 2702 iudicii
534 2639 737 2718 sinceritate,
768 2659 788 2700 a
807 2635 938 2722 linguae
958 2631 1137 2700 rationibus
1162 2647 1194 2697 et
1215 2655 1235 2698 a
1257 2635 1323 2696 veri
1342 2633 1449 2717 specie
1475 2631 1596 2696 aliena:
1628 2631 1836 2698 nibilominus
1858 2649 1890 2697 et
1911 2637 1980 2720 ipse

356 2747 395 2817 tle
419 2747 582 2814 nonnullis
610 2748 881 2838 palaeographiae
910 2746 990 2812 loeis
1017 2746 1216 2812 illustrandis
1247 2745 1328 2808 benc
1356 2746 1510 2822 meritas,
1540 2746 1572 2808 in
1602 2748 1819 2810 monumentis
1847 2747 1979 2811 edendis

356 2860 527 2925 admodum
550 2862 706 2950 diligens,
735 2845 769 2928 in
797 2866 901 2948 iisque
923 2859 1069 2948 legendis
1092 2857 1237 2936 felicior,
1267 2879 1362 2944 quarn
1385 2855 1689 2946 ininterpretandis
1715 2858 1767 2942 (v.
1788 2859 1818 2935 i.
1843 2861 1863 2920 8
1887 2871 1918 2920 et
1938 2857 1978 2922 ad

356 2969 461 3038 Melit.
483 2981 536 3059 2).
578 2975 778 3041 Fourrnontii
800 2990 832 3040 et
854 2973 1135 3039 Benedictinorum
1165 2987 1268 3058 ungas
1296 2984 1396 3052 artent
1426 2967 1725 3056 palaeographicam
1747 2967 1978 3054 elegantiarum

356 3082 521 3150 hominum
536 3091 647 3170 sannis
666 3103 865 3174 exponentes
888 3109 973 3154 nunc
995 3083 1124 3151 silentio
1146 3085 1369 3171 praeterimus,
1392 3083 1477 3146 inira
1501 3083 1552 3167 (ad
1567 3081 1670 3149 Melit.
1689 3085 1721 3169 t)
1743 3101 1852 3146 earum
1876 3085 1994 3178 speci-p

355 3199 442 3260 mina
465 3199 579 3264 daturi.

482 3335 699 3420 Bartbelenryi
723 3351 829 3402 autern
852 3351 884 3400 et
904 3337 1079 3404 Swintonis
1101 3333 1206 3400 libelli
1229 3333 1263 3398 bi
1286 3347 1375 3398 sunt:

526 3482 578 3542 lo.
600 3483 669 3542 Jsc.
692 3475 927 3541 Bassaniam
949 3481 1136 3552 (academiae
1156 3479 1393 3559 inscriptionum
1420 3487 1452 3536 et
1473 3478 1644 3538 litterarum
1657 3479 1874 3543 humaniorum
1889 3484 1977 3558 socii,

440 3585 461 3660 †
483 3583 597 3664 flasi:
633 3579 810 3669 &exiens
839 3605 890 3644 sttr
911 3581 1056 3666 lquelqsres
1085 3601 1252 3640 monument
1281 3577 1450 3662 pltdniciens
1478 3591 1506 3636 er
1529 3603 1581 3637 sur
1603 3577 1644 3639 les
1665 3579 1838 3664 alphabeta,
1875 3587 1924 3667 qui
1945 3609 1979 3643 en

443 3683 598 3762 resultent,
622 3687 654 3745 in
676 3685 844 3746 Memoirar
866 3685 905 3746 dc
927 3686 1043 3746 l’acad.
1067 3685 1120 3744 des
1142 3683 1340 3762 inscriptions
1367 3682 1408 3738 T.
1427 3682 1531 3740 XXX.
1557 3701 1590 3762 p.
1612 3684 1673 3744 tet
1698 3685 1753 3758 (Τ.
1771 3685 1859 3746 LIII.
1877 3689 1927 3746 ed.
1947 3688 1979 3745 in

445 3789 578 3869 ductis),
617 3807 693 3868 quac
724 3789 941 3848 commentatio
968 3787 1001 3846 in
1029 3783 1183 3846 academia
1209 3782 1377 3844 Purisicnai
1409 3783 1440 3840 d.
1470 3791 1508 3843 12
1538 3783 1616 3862 Apr.
1656 3790 1737 3846 1758
1765 3787 1900 3847 recitata
1920 3789 1980 3867 agit

442 3891 481 3951 de
503 3891 754 3969 inscriptionibus
776 3893 879 3950 Melit.
905 3897 935 3964 i,
960 3889 1023 3950 cir.
1041 3895 1074 3950 2.
1094 3893 1125 3948 3.
1144 3887 1176 3962 4,
1197 3887 1282 3947 ‘vasis
1305 3883 1522 3959 Panormitam,
1549 3893 1581 3944 et
1600 3905 1765 3948 numerum
1788 3891 1979 3968 quorundam

444 3993 642 4054 Sidoniorum
666 4003 698 4051 et
711 3994 1008 4053 Panormitanorum.
1031 4023 1075 4036 ·-
1106 3989 1325 4050 Emendatiora
1340 3986 1378 4044 de
1392 3985 1500 4046 iisdem
1522 3985 1650 4067 aliisque
1672 3993 1880 4051 monumentis
1898 3993 1978 4052 idem

442 4095 526 4155 dedit
547 4095 580 4153 iu
601 4093 703 4154 Lettre
726 4093 745 4152 d
773 4094 840 4154 Mr.
858 4093 885 4154 Ie
899 4093 1042 4177 Marquis
1064 4089 1229 4152 d’Olivieri
1249 4113 1288 4151 aa
1307 4090 1380 4169 sujet
1399 4085 1437 4146 de
1453 4085 1592 4172 quelques
1614 4113 1782 4151 monument
1807 4089 1978 4152 Pddniciens

445 4208 504 4258 cel.
535 4197 622 4258 Paris
643 4201 737 4258 1766.
768 4197 812 4270 4.,
843 4196 885 4255 cf.
906 4196 1034 4256 Journal
1048 4197 1252 4269 dcsSavans,
1274 4191 1427 4252 Dccemb.
1453 4195 1535 4251 176³
1557 4211 1589 4272 p.
1608 4193 1670 4256 2⁴5
1685 4215 1753 4275 sqq.
1800 4193 1881 4254 vide
1900 4195 1979 4255 iufra

443 4302 482 4362 sd
504 4301 599 4362 inscr.
623 4299 726 4362 Melit.
754 4304 785 4358 t.
829 4297 880 4357 De
909 4299 1108 4378 inscriptione
1133 4294 1419 4376 carpentoractensi
1440 4294 1523 4352 idem
1548 4295 1609 4374 egit
1634 4297 1800 4358 recentIori
1822 4317 1978 4356 commen-

446 4404 571 4480 tatione,
597 4403 636 4464 de
659 4419 719 4482 qua
739 4417 772 4459 r.
798 4399 837 4458 ad
859 4401 953 4459 inser.
977 4421 1030 4461 no.
1055 4405 1108 4461 71.

529 4490 673 4566 Ioannis
698 4504 865 4563 Swrsrun
887 4509 897 4572 t
903 4502 999 4561 Aedis
1015 4501 1134 4563 Christi
1149 4499 1339 4560 Oxoniensis
1353 4498 1441 4572 socii,
1465 4497 1487 4572 †
1513 4498 1611 4574 1781)
1624 4499 1628 4507 ’
1641 4495 1852 4582 inscriptiones
1869 4498 1979 4560 Citieos

444 4630 470 4668 s.
503 4610 535 4668 in
563 4608 651 4666 binas
682 4604 897 4684 inscriptiones
926 4600 1104 4680 phoeniciae
1127 4604 1209 4662 inter
1232 4602 1345 4662 rudera
1371 4599 1446 4660 citii
1477 4621 1576 4681 nuper
1601 4611 1737 4682 repertas
1768 4603 1975 4680 conjecturae.

445 4710 577 4771 Accedit
585 4709 622 4768 dc
637 4708 772 4767 nummis
787 4705 969 4786 quibusdam
984 4703 1177 4764 samaritanis
1191 4701 1404 4764 etPhoeniciis
1468 4705 1654 4763 dissertatio.
1681 4705 1811 4776 Oxonii,
1828 4721 1844 4760 e
1859 4697 1977 4762 theatro

445 4812 650 4872 Sbeldonisno
669 4815 763 4872 1750.
778 4809 821 4868 d.
840 4839 883 4854 -
905 4803 1117 4889 inscriptiones
1134 4802 1246 4866 Citieus
1259 4827 1283 4864 s.
1296 4807 1330 4864 in
1346 4801 1430 4864 binos
1444 4803 1522 4864 elios
1539 4808 1646 4864 insert.
1662 4803 1766 4885 placen.
1785 4800 1977 4884 conjecturae.

446 4915 553 4977 Oxou.
578 4919 670 4976 175³.
705 4911 736 4972 t,
771 4915 820 4986 (v.
848 4909 927 4970 inira
948 4911 988 4969 ad
1009 4909 1103 4968 inser.
1133 4907 1224 4980 eit).
1256 4941 1294 4954 -
1339 4905 1374 4964 'A
1402 4905 1591 4966 dissertation
1621 4927 1698 4986 upon
1726 4903 1774 4964 tle
1797 4901 1978 4966 Phoenicius

444 5014 579 5078 nmercl
598 5015 770 5076 characters
784 5009 926 5086 pntientlp
938 5007 1011 5070 used
1021 5024 1053 5071 ot
1067 5006 1174 5084 Sidon,
1197 5011 1230 5068 in
1244 5009 1362 5068 Philus.
1378 5009 1596 5068 Ibanmctions
1617 5008 1687 5082 Vol.
1702 5013 1753 5069 to.
1777 5029 1809 5088 p.
1828 5014 1887 5070 791
1907 5029 1975 5090 sqq.

444 5151 480 5164 -
505 5119 560 5181 An
574 5133 695 5200 attempt
717 5113 896 5199 to'explns'n
921 5137 941 5174 a
959 5116 1051 5198 panio
1071 5112 1244 5192 inscription
1267 5108 1357 5194 lntely
1378 5107 1550 5169 discovered
1569 5111 1600 5167 in
1622 5107 1669 5168 tlre
1690 5107 1796 5171 laland
1818 5107 1977 5196 oJMalte

445 5222 521 5285 ibid.
557 5223 631 5284 Vol.
662 5225 722 5296 53,
751 5239 785 5300 p.
811 5219 874 5280 274
901 5237 969 5296 sqq.
1005 5213 1075 5299 (est
1104 5214 1205 5274 Melit.
1231 5219 1271 5290 2,
1307 5213 1362 5272 ubi
1395 5211 1496 5291 vide).
1529 5246 1568 5258 —
1612 5207 1700 5274 Some
1735 5210 1880 5314 sanaris-
1901 5237 1977 5295 upon

429 5385 456 5455 ⁸)
474 5407 501 5446 r.
518 5389 609 5460 Bnycr
626 5389 658 5442 ad
677 5385 798 5450 Sallust,
818 5387 957 5458 Palaeogr.
976 5379 1088 5450 Studien
1105 5401 1130 5452 p.
1151 5381 1193 5437 19.
1475 5451 1480 5456 ¹

1549 5489 1563 5546 1
1582 5486 1598 5524 s
