4924 6304
324 670 619 740 monumenta
633 672 781 741 SEMl'l'.
797 673 989 743 AEGYPT.
1012 673 1172 744 LXXIV.
1188 612 1335 744 LleV.
1353 673 1831 744 PAPYRIBLACASSIANI'.
1856 679 1952 754 ’237

452 859 607 926 Ceterum
637 864 749 928 eadem
777 869 897 952 pagina
924 866 1123 931 manifestius
1153 869 1267 946 etiam,
1298 889 1392 953 quam
1421 869 1507 952 prior
1537 865 1612 944 illa,
1636 867 1747 945 docet,
1779 867 1842 930 hoc
1863 866 1952 951 frag-

326 989 466 1040 mentum
497 978 698 1062 superiorem
728 976 895 1044 columnae
926 983 1093 1067 decerptae
1125 993 1246 1066 partem
1286 981 1469 1055 continere,
1510 979 1620 1066 ibique
1651 977 1732 1042 nihil
1765 980 1878 1044 deesse
1910 979 1951 1042 ad

327 1091 556 1175 integritatem.

450 1217 639 1302 fragmenti
660 1213 795 1286 mirioria
816 1224 919 1307 prima
940 1225 1057 1309 pagina
1077 1219 1145 1307 (G)
1167 1223 1278 1286 itidem
1301 1237 1422 1307 septem
1445 1243 1556 1286 versus
1577 1224 1760 1308 superiores
1783 1219 1950 1284 columnae

325 1331 489 1395 cuiusdam
513 1333 676 1412 continet,
705 1355 839 1418 quorum
862 1335 1028 1414 nonnulli,
1050 1350 1086 1399 ut
1107 1337 1237 1413 tertiae,
1267 1337 1407 1421 quintus,
1429 1337 1582 1420 septimus
1604 1339 1637 1398 iu
1660 1333 1726 1399 fine
1744 1335 1861 1419 integri
1878 1351 1950 1396 esse
2079 1340 2082 1348 '

323 1444 494 1508 rideatur:
519 1445 576 1510 scd
598 1447 632 1508 in
655 1447 832 1529 posteriorc
847 1451 963 1534 pagina
987 1445 1068 1532 (litt.
1084 1447 1135 1532 D)
1154 1469 1265 1512 uersus
1287 1445 1327 1510 ab
1350 1423 1482 1534 utraque
1507 1462 1594 1534 parte
1616 1446 1720 1512 mutili
1742 1461 1828 1512 sunt.

452 1589 483 1650 3.
527 1583 702 1662 Litterae,
738 1607 872 1672 patarum
902 1587 1046 1652 tabulam
1075 1591 1293 1673 pertexuimus
1322 1587 1386 1652 tab.
1410 1596 1449 1666 4,
1483 1591 1515 1651 in
1541 1590 1726 1653 universum
1748 1587 1875 1674 quidem
1899 1583 1950 1649 his

322 1695 501 1782 persimiles
523 1711 616 1775 sunt,
639 1701 772 1782 quaein
796 1696 904 1784 lapide
924 1698 1222 1786 carpentoractensi
1245 1715 1277 1763 et
1298 1703 1332 1764 in
1356 1701 1535 1784 fragmento
1551 1699 1727 1765 Tarinensi
1750 1709 1949 1783 comparent:

322 1811 378 1874 sed
408 1807 519 1896 paullo
542 1812 671 1895 propius
694 1825 798 1875 tamen
823 1812 862 1876 ad
886 1815 1075 1898 scripturam
1098 1811 1321 1896 Palmyrenanr
1345 1827 1377 1876 et
1398 1814 1583 1900 quadratam
1603 1813 1775 1890 accedunt,
1812 1813 1845 1876 id
1865 1809 1950 1894 quod

324 1925 467 1988 maxima
489 1925 697 2010 conspicuum
716 1939 765 1988 est
780 1927 812 1988 in
828 1923 943 1990 litteris
959 1925 1064 2005 Betlr,
1087 1923 1232 2003 Dclctlr,
1255 1923 1411 1990 Recedet
1430 1927 1538 2012 Caph,
1563 1947 1696 2012 quarum
1711 1927 1816 2010 capita
1831 1925 1865 1986 in
1883 1919 1949 1984 illis

323 2039 538 2116 monumentis
570 2057 706 2121 superne
738 2051 863 2122 aperta,
900 2039 934 2101 in
963 2037 1014 2102 his
1044 2039 1233 2124 fragmentis
1270 2053 1394 2122 praeter
1423 2061 1556 2124 parvum
1589 2040 1748 2126 quoddam
1777 2035 1948 2120 vestigium

323 2149 503 2214 unciforrue
526 2145 620 2234 plano
642 2163 850 2214 evanuerunt.
894 2150 1018 2215 Eodem
1040 2153 1135 2216 modo
1158 2149 1286 2214 Lamud
1305 2163 1337 2214 et
1358 2149 1454 2230 Nun,
1483 2150 1699 2240 negligentius
1719 2153 1821 2236 picta,
1843 2165 1949 2234 genua

321 2261 374 2326 vel
403 2284 517 2348 parurn
549 2259 671 2325 inflexa
701 2259 753 2324 uel
774 2285 903 2348 prorsus
926 2263 1015 2327 nulla
1034 2263 1170 2327 habent:
1200 2266 1234 2326 in
1255 2262 1371 2328 litteris
1396 2263 1488 2349 capt
1511 2280 1543 2328 et
1562 2264 1643 2331 Nau
1663 2279 1791 2341 autem,
1822 2259 1948 2356 qupda

321 2375 444 2440 Lancia
467 2371 647 2461 neglectum
670 2397 741 2438 esse
766 2379 884 2454 miror,
908 2375 1051 2462 figurae
1064 2377 1188 2455 finalis
1210 2376 1379 2441 manifesta
1401 2377 1549 2462 exeruplu
1572 2377 1746 2454 habentur,
1769 2375 1843 2438 vide
1868 2369 1949 2436 Num

322 2485 420 2551 finale
441 2491 475 2551 in
500 2509 579 2552 uoce
601 2507 667 2574 pne*
688 2487 719 2552 D
742 2487 798 2552 lin.
824 2495 860 2567 1,
889 2489 944 2552 ubi
965 2491 1053 2574 prius
1068 2487 1143 2553 Nun
1161 2489 1258 2554 breve
1273 2504 1306 2554 et
1320 2489 1555 2578 geniculatum,
1579 2492 1735 2576 posterius
1757 2485 1892 2572 longum
1914 2497 1947 2545 et

321 2615 455 2679 rectum,
487 2603 563 2664 item
586 2597 646 2664 litt.
668 2599 699 2663 A
728 2603 761 2664 iu
785 2597 952 2665 columnae
975 2599 1062 2666 illius
1086 2603 1205 2666 fractae
1233 2603 1290 2666 lin.
1315 2611 1344 2668 1.
1373 2603 1434 2668 litt.
1457 2601 1496 2681 B,
1517 2611 1546 2668 6.
1578 2601 1637 2666 litt.
1660 2598 1766 2664 Clio.
1789 2604 1809 2662 3
1838 2601 1872 2661 iu
1894 2612 1945 2682 prr,

320 2711 376 2780 liu.
399 2719 419 2778 7
439 2716 473 2777 iu
495 2715 594 2803 irritu
631 2711 723 2797 Caph
743 2711 903 2794 finale-ll
927 2711 985 2778 lin.
1007 2723 1040 2779 4.
1068 2721 1098 2780 5.
1125 2719 1156 2780 6.
1185 2713 1246 2781 litt.
1269 2711 1295 2777 C
1317 2713 1374 2783 lin.
1396 2721 1427 2780 6.
1459 2713 1564 2790 vQuae
1594 2715 1723 2800 quidem
1753 2713 1862 2776 omnia
1890 2707 1943 2773 his

320 2827 509 2913 fragmentis
535 2839 671 2890 aetatem
704 2823 834 2890 illorum
866 2829 962 2890 aetati
993 2825 1100 2912 paullo
1129 2829 1339 2892 recentiorem
1367 2831 1543 2914 assignant.
1587 2825 1638 2891 De
1668 2823 1804 2912 singulis
1833 2835 1943 2886 autem

321 2939 511 3026 quibusdam
530 2937 646 3003 litteris
668 2939 744 3024 quid
766 2961 786 3001 a
807 2939 930 3003 Lancio
959 2941 1165 3020 dissentiam,
1209 2939 1270 3005 hoc
1292 2939 1363 3006 loco
1386 2939 1477 3005 brevi
1498 2939 1721 3025 disputandum
1743 2951 1807 3002 est:
1845 2955 1945 3020 quan·

321 3055 439 3116 tumuis
462 3051 515 3116 hic
536 3049 832 3137 „necpbilologis“
860 3054 957 3116 irasci
981 3053 1143 3133 videatur,
1184 3056 1238 3140 qui
1267 3073 1343 3118 suas
1365 3053 1405 3118 do
1427 3052 1617 3138 quibusdam
1637 3049 1752 3115 litteris
1774 3048 1943 3134 opiniones

319 3169 353 3230 in
379 3165 509 3230 dubium
538 3167 694 3230 vocarint.
745 3163 794 3228 Ac
823 3164 964 3229 Lancius
996 3167 1122 3250 quidem
1148 3169 1198 3246 ei,
1239 3187 1333 3252 quam
1364 3167 1405 3230 ad
1434 3165 1572 3252 lapidem
1604 3163 1944 3250 Carpentoractensem

320 3319 519 3396 defenderat,
553 3319 696 3404 opinioni
716 3317 912 3403 pertinacius
932 3319 1085 3382 insistens
1107 3321 1235 3405 signum
1272 3295 1292 3416 1
1322 3319 1440 3407 ubique
1462 3319 1590 3386 Datett
1611 3340 1683 3384 esse
1704 3317 1810 3402 ponit,
1834 3325 1945 3378 contra

309 3477 367 3610 J
402 3503 511 3570 lllin.
536 3511 554 3570 5
578 3503 683 3584 Zur'n,
723 3459 761 3629 7
800 3503 917 3592 ubique
939 3504 1046 3570 Resclr
1069 3527 1140 3570 esse
1161 3509 1286 3572 statuit:
1319 3529 1415 3594 quum
1456 3487 1479 3602 J
1506 3510 1539 3570 in
1564 3503 1614 3570 his
1635 3505 1823 3592 fragmentis
1855 3514 1889 3564 ut
1910 3481 1952 3562 in'

318 3709 623 3804 carpentoractensi
643 3706 813 3772 nranifesto
836 3711 879 3772 sit
900 3707 1005 3787 Zcr'a,
1047 3680 1082 3815 2
1118 3707 1205 3788 Plre,
1257 3658 1334 3834 ἡ
1364 3712 1506 3774 inaximo
1528 3707 1656 3773 brevius
1672 3701 1938 3793 pictumDulctd.

318 3865 419 3947 Quod
448 3865 488 3926 ad
516 3863 603 3928 Zaira
630 3860 771 3926 litteram
792 3865 924 3942 attinet,
965 3859 1061 3926 talem
1088 3864 1158 3927 eius
1180 3877 1370 3948 potestatem
1391 3859 1531 3947 postulat
1553 3882 1616 3926 non
1639 3857 1743 3926 solum
1766 3860 1942 3942 scripturae

317 3977 512 4046 Phoenicius
525 3989 556 4039 et
574 3973 783 4056 Palmyrenae
797 3972 963 4061 analogia,
985 3976 1153 4040 sedetiam
1171 3975 1303 4042 verbum
1320 3995 1378 4066 par
1396 3977 1550 4040 clamavit
1565 3971 1633 4053 C,1
1661 3974 1742 4063 (prr
1758 3971 1942 4034 aramacum

319 4113 386 4156 nou
408 4091 498 4175 est):
528 4089 727 4175 pronominis
749 4101 855 4152 autem
876 4107 903 4158 rr
926 4084 965 4168 B,
983 4095 1011 4152 1.
1027 4095 1056 4154 3.
1073 4095 1101 4154 5.
1125 4087 1161 4166 C,
1179 4097 1209 4152 2.
1232 4088 1322 4168 D‚l.
1343 4097 1375 4154 2.
1420 4108 1458 4159 ar
1481 4086 1521 4168 B,
1545 4093 1575 4154 5.
1620 4103 1674 4156 rar
1698 4082 1736 4164 C,
1760 4093 1791 4150 2.
1829 4079 1940 4162 Ἶ130,

318 4209 338 4269 3
363 4225 440 4267 usus
470 4223 527 4286 pro
557 4199 683 4287 vulgari
712 4221 762 4280 an,
785 4219 849 4280 aa,
875 4216 953 4278 rtur,
979 4219 1033 4266 aa:
1064 4201 1115 4266 his
1143 4201 1330 4288 fragmentis
1357 4225 1429 4268 curn
1458 4222 1617 4266 marmore
1641 4193 1944 4286 Carpentoructeosi
1974 4283 1979 4292 ι

317 4317 494 4382 communis
524 4327 580 4378 est.
625 4311 751 4378 Deletlr
773 4312 911 4377 litteram
937 4315 969 4376 in
997 4313 1048 4378 his
1077 4315 1265 4402 fragmentis
1293 4319 1338 4380 ita
1368 4317 1476 4402 pingi,
1512 4327 1547 4379 ut
1573 4317 1670 4378 rixa
1695 4311 1799 4378 Resch
1823 4313 1942 4376 discer-

317 4443 429 4507 natur,
466 4424 573 4512 paullo
603 4439 708 4490 tamen
738 4423 868 4490 brevius
898 4427 957 4503 sit,
994 4425 1173 4492 luculenter
1204 4443 1335 4514 apparet
1370 4450 1412 4494 ex
1444 4429 1551 4494 verbis
1578 4445 1695 4516 tenpus
1727 4443 1817 4496 naun
1847 4429 1942 4509 peri!

316 4547 451 4608 r'urtr'tr'c
466 4538 509 4616 D,
525 4547 565 4618 4,
588 4559 668 4624 quae
681 4539 823 4604 Laocius
837 4538 925 4604 nulla
940 4543 1099 4604 sententia
1120 4538 1199 4626 legit
1220 4559 1341 4629 tenpus
1365 4559 1458 4612 asten
1481 4541 1743 4622 ,fortifichernr'
1758 4536 1940 4613 Surcutc“,

318 4655 401 4720 adde
423 4649 569 4717 voculam
595 4669 634 4720 ne
656 4649 687 4716 A
711 4649 768 4716 lin.
790 4657 809 4716 3
832 4653 866 4716 in
892 4668 969 4740 prusa
991 4673 1030 4721 rs
1054 4654 1156 4718 donec
1177 4653 1422 4734 aedificabunt,
1458 4677 1515 4742 pro
1544 4677 1606 4741 quo
1627 4655 1770 4718 Laocius
1792 4667 1826 4735 pr
1848 4647 1939 4734 legit,

316 4771 507 4838 vocabulum
531 4769 623 4835 nihili
645 4770 695 4858 (v.
719 4770 835 4856 iufra).
878 4769 952 4837 Non
975 4775 1081 4836 rrrinus
1100 4785 1187 4836 certa
1208 4786 1257 4838 est
1277 4772 1403 4838 litterae
1428 4750 1461 4859 J
1484 4788 1629 4860 potestas
1646 4773 1718 4838 Pte
1732 4773 1766 4836 iu
1780 4769 1822 4848 D,
1834 4767 1892 4832 lin.
1908 4773 1940 4847 5,

314 4928 383 4974 tum
411 4930 453 4972 ex
481 4905 632 4994 analogia
660 4919 692 4970 et
720 4907 930 4973 similitudine
953 4906 1020 4971 Phe
1041 4905 1167 4970 litterae
1188 4909 1222 4970 in
1246 4909 1324 4976 *aba
1346 4905 1385 4984 B,
1409 4909 1441 4982 7,
1488 4923 1553 4972 tum
1581 4929 1623 4971 ex
1644 4905 1775 4992 liuguae
1798 4929 1875 4984 usu,
1904 4907 1937 4970 io

315 5045 379 5109 qua
401 5040 507 5112 pennu
530 5036 580 5086 est
603 5021 738 5086 eductus
760 5031 828 5101 ert,
868 5041 968 5108 pratas
989 5023 1023 5084 iu
1046 5019 1107 5083 hac
1128 5022 1354 5105 coniugatione
1377 5041 1441 5084 non
1463 5023 1625 5084 usitatum.
1661 5065 1664 5072 1
1745 5031 1749 5044 ’

440 5171 471 5226 4.
515 5161 566 5226 De
592 5163 735 5228 dialecto
756 5164 839 5228 idem
863 5163 1032 5228 dicendum
1054 5173 1119 5238 est,
1150 5160 1235 5246 quod
1257 5160 1297 5223 de
1319 5158 1433 5246 lapidis
1451 5156 1769 5246 carpentoractensis
1797 5173 1829 5223 et
1851 5158 1938 5246 frag·

311 5277 412 5341 menti
441 5265 654 5340 Taurin'ensis
682 5275 818 5344 dialecto
845 5279 908 5343 iam
936 5277 1092 5355 diximus,
1128 5295 1198 5338 eam
1226 5293 1338 5360 puram
1369 5287 1476 5357 putam
1497 5271 1709 5352 Aramaeam,
1746 5287 1780 5337 et
1806 5274 1934 5360 quidem

310 5387 507 5456 Chaldaeum
542 5411 632 5470 csse,
675 5392 731 5456 sed
768 5389 931 5459 nonnullis
960 5389 1162 5456 Hebraismis
1198 5379 1425 5475 temperatam,
1470 5387 1737 5474 quemadmodum
1773 5386 1805 5452 ia
1841 5383 1933 5452 libris
