<?xml version="1.0" encoding="UTF-8"?>
<!DOCTYPE html PUBLIC "-//W3C//DTD XHTML 1.0 Transitional//EN"
    "http://www.w3.org/TR/xhtml1/DTD/xhtml1-transitional.dtd">
<html xmlns="http://www.w3.org/1999/xhtml" xml:lang="en" lang="en">
 <head>
  <title>
</title>
<meta http-equiv="Content-Type" content="text/html;charset=utf-8" />
  <meta name='ocr-system' content='tesseract 3.04.00' />
  <meta name='ocr-capabilities' content='ocr_page ocr_carea ocr_par ocr_line ocrx_word'/>
</head>
<body>
  <div class='ocr_page' id='page_1' title='image "./scripturaelingu00gesegoog_0016.png"; bbox 0 0 4978 6296; ppageno 0'>
   <div class='ocr_carea' id='block_1_1' title="bbox 985 641 2012 710">
    <p class='ocr_par' dir='ltr' id='par_1_1' title="bbox 985 641 2012 710">
     <span class='ocr_line' id='line_1_1' title="bbox 985 641 2012 710; baseline 0.003 -3"><span class='ocrx_word' id='word_1_1' title='bbox 985 641 1412 710; x_wconf 78' lang='lat' dir='ltr'><strong>PRAEFATIO.</strong></span> <span class='ocrx_word' id='word_1_2' title='bbox 1962 642 2012 710; x_wconf 72' lang='lat' dir='ltr'>lx</span> 
     </span>
    </p>
   </div>
   <div class='ocr_carea' id='block_1_2' title="bbox 278 829 2080 3914">
    <p class='ocr_par' dir='ltr' id='par_1_2' title="bbox 278 829 2011 2880">
     <span class='ocr_line' id='line_1_2' title="bbox 391 829 2011 934; baseline -0.001 -24"><span class='ocrx_word' id='word_1_3' title='bbox 391 842 429 910; x_wconf 93' lang='lat' dir='ltr'>in</span> <span class='ocrx_word' id='word_1_4' title='bbox 455 831 615 933; x_wconf 83' lang='lat' dir='ltr'>legendo</span> <span class='ocrx_word' id='word_1_5' title='bbox 634 831 783 907; x_wconf 87' lang='lat' dir='ltr'>libidini</span> <span class='ocrx_word' id='word_1_6' title='bbox 798 853 849 904; x_wconf 86' lang='lat' dir='ltr'>ex</span> <span class='ocrx_word' id='word_1_7' title='bbox 866 829 936 903; x_wconf 87' lang='lat' dir='ltr'>lroc</span> <span class='ocrx_word' id='word_1_8' title='bbox 951 829 1066 906; x_wconf 91' lang='lat' dir='ltr'>illove</span> <span class='ocrx_word' id='word_1_9' title='bbox 1081 831 1283 929; x_wconf 86' lang='lat' dir='ltr'>alphabeto</span> <span class='ocrx_word' id='word_1_10' title='bbox 1299 836 1382 908; x_wconf 83' lang='lat' dir='ltr'>veri</span> <span class='ocrx_word' id='word_1_11' title='bbox 1398 835 1586 930; x_wconf 85' lang='lat' dir='ltr'>quandam</span> <span class='ocrx_word' id='word_1_12' title='bbox 1608 831 1771 934; x_wconf 87' lang='lat' dir='ltr'>speciem</span> <span class='ocrx_word' id='word_1_13' title='bbox 1792 854 2011 934; x_wconf 87' lang='lat' dir='ltr'>comparere</span> 
     </span>
     <span class='ocr_line' id='line_1_3' title="bbox 389 962 2008 1067; baseline -0.003 -24"><span class='ocrx_word' id='word_1_14' title='bbox 389 979 543 1067; x_wconf 85' lang='lat' dir='ltr'><strong>possent</strong></span> <span class='ocrx_word' id='word_1_15' title='bbox 564 965 736 1038; x_wconf 86' lang='lat' dir='ltr'>homines</span> <span class='ocrx_word' id='word_1_16' title='bbox 762 962 969 1036; x_wconf 80' lang='lat' dir='ltr'>semidocti.</span> <span class='ocrx_word' id='word_1_17' title='bbox 1029 965 1183 1052; x_wconf 79' lang='lat' dir='ltr'>Qtsurto</span> <span class='ocrx_word' id='word_1_18' title='bbox 1199 963 1360 1061; x_wconf 89' lang='lat' dir='ltr'>denique</span> <span class='ocrx_word' id='word_1_19' title='bbox 1378 985 1455 1053; x_wconf 89' lang='lat' dir='ltr'>res,</span> <span class='ocrx_word' id='word_1_20' title='bbox 1487 989 1583 1062; x_wconf 90' lang='lat' dir='ltr'>quae</span> <span class='ocrx_word' id='word_1_21' title='bbox 1599 966 1793 1040; x_wconf 90' lang='lat' dir='ltr'>doctorum</span> <span class='ocrx_word' id='word_1_22' title='bbox 1811 965 1859 1042; x_wconf 93' lang='lat' dir='ltr'>de</span> <span class='ocrx_word' id='word_1_23' title='bbox 1877 985 2008 1038; x_wconf 86' lang='lat' dir='ltr'>monu-</span> 
     </span>
     <span class='ocr_line' id='line_1_4' title="bbox 387 1081 2010 1186; baseline -0.005 -10"><span class='ocrx_word' id='word_1_24' title='bbox 387 1081 525 1176; x_wconf 77' lang='lat' dir='ltr'>mentis</span> <span class='ocrx_word' id='word_1_25' title='bbox 553 1093 762 1168; x_wconf 82' lang='lat' dir='ltr'>Phoeniciis</span> <span class='ocrx_word' id='word_1_26' title='bbox 787 1091 967 1166; x_wconf 89' lang='lat' dir='ltr'>iudicium</span> <span class='ocrx_word' id='word_1_27' title='bbox 998 1095 1137 1166; x_wconf 89' lang='lat' dir='ltr'>mirum</span> <span class='ocrx_word' id='word_1_28' title='bbox 1171 1094 1212 1165; x_wconf 93' lang='lat' dir='ltr'>in</span> <span class='ocrx_word' id='word_1_29' title='bbox 1244 1093 1401 1167; x_wconf 92' lang='lat' dir='ltr'>modum</span> <span class='ocrx_word' id='word_1_30' title='bbox 1428 1095 1614 1186; x_wconf 89' lang='lat' dir='ltr'>turbavit,</span> <span class='ocrx_word' id='word_1_31' title='bbox 1653 1111 1711 1170; x_wconf 91' lang='lat' dir='ltr'>est</span> <span class='ocrx_word' id='word_1_32' title='bbox 1736 1105 1921 1170; x_wconf 89' lang='lat' dir='ltr'>renovata</span> <span class='ocrx_word' id='word_1_33' title='bbox 1944 1095 2010 1168; x_wconf 87' lang='lat' dir='ltr'>illa</span> 
     </span>
     <span class='ocr_line' id='line_1_5' title="bbox 387 1201 2008 1324; baseline -0.002 -24"><span class='ocrx_word' id='word_1_34' title='bbox 387 1229 434 1300; x_wconf 89' lang='lat' dir='ltr'>de</span> <span class='ocrx_word' id='word_1_35' title='bbox 461 1227 610 1300; x_wconf 80' lang='lat' dir='ltr'>dialecti</span> <span class='ocrx_word' id='word_1_36' title='bbox 636 1223 858 1298; x_wconf 86' lang='lat' dir='ltr'>Phoeniciee</span> <span class='ocrx_word' id='word_1_37' title='bbox 884 1234 923 1296; x_wconf 94' lang='lat' dir='ltr'>et</span> <span class='ocrx_word' id='word_1_38' title='bbox 947 1201 1110 1296; x_wconf 88' lang='lat' dir='ltr'>Punicae</span> <span class='ocrx_word' id='word_1_39' title='bbox 1137 1221 1232 1296; x_wconf 82' lang='lat' dir='ltr'>faeie</span> <span class='ocrx_word' id='word_1_40' title='bbox 1259 1222 1441 1297; x_wconf 76' lang='lat' dir='ltr'>dissensio</span> <span class='ocrx_word' id='word_1_41' title='bbox 1458 1223 1505 1320; x_wconf 82' lang='grc'>8).</span> <span class='ocrx_word' id='word_1_42' title='bbox 1563 1224 1661 1300; x_wconf 88' lang='lat' dir='ltr'>Nam</span> <span class='ocrx_word' id='word_1_43' title='bbox 1692 1237 1893 1324; x_wconf 82' lang='lat' dir='ltr'>postquam</span> <span class='ocrx_word' id='word_1_44' title='bbox 1919 1221 2008 1298; x_wconf 88' lang='lat' dir='ltr'>inde</span> 
     </span>
     <span class='ocr_line' id='line_1_6' title="bbox 385 1327 2008 1450; baseline -0.002 -20"><span class='ocrx_word' id='word_1_45' title='bbox 385 1381 409 1430; x_wconf 88' lang='lat' dir='ltr'>a</span> <span class='ocrx_word' id='word_1_46' title='bbox 443 1356 627 1432; x_wconf 87' lang='lat' dir='ltr'>Bocbarto</span> <span class='ocrx_word' id='word_1_47' title='bbox 658 1363 810 1427; x_wconf 90' lang='lat' dir='ltr'>tantum</span> <span class='ocrx_word' id='word_1_48' title='bbox 841 1373 920 1426; x_wconf 90' lang='lat' dir='ltr'>uon</span> <span class='ocrx_word' id='word_1_49' title='bbox 945 1371 1078 1426; x_wconf 90' lang='lat' dir='ltr'>ornnes</span> <span class='ocrx_word' id='word_1_50' title='bbox 1109 1353 1150 1424; x_wconf 91' lang='lat' dir='ltr'>iu</span> <span class='ocrx_word' id='word_1_51' title='bbox 1177 1373 1222 1426; x_wconf 92' lang='lat' dir='ltr'>eo</span> <span class='ocrx_word' id='word_1_52' title='bbox 1251 1327 1536 1446; x_wconf 77' lang='lat' dir='ltr'>consenserant,</span> <span class='ocrx_word' id='word_1_53' title='bbox 1576 1355 1742 1450; x_wconf 84' lang='lat' dir='ltr'>linguam</span> <span class='ocrx_word' id='word_1_54' title='bbox 1768 1354 2008 1427; x_wconf 83' lang='lat' dir='ltr'>Phoenicium</span> 
     </span>
     <span class='ocr_line' id='line_1_7' title="bbox 292 1481 2008 1584; baseline -0.003 -24"><span class='ocrx_word' id='word_1_55' title='bbox 292 1569 295 1575; x_wconf 12' lang='grc' dir='ltr'><strong>Α</strong></span> <span class='ocrx_word' id='word_1_56' title='bbox 387 1487 515 1584; x_wconf 81' lang='lat' dir='ltr'>paucis</span> <span class='ocrx_word' id='word_1_57' title='bbox 537 1487 706 1582; x_wconf 87' lang='lat' dir='ltr'>exceptis</span> <span class='ocrx_word' id='word_1_58' title='bbox 729 1485 852 1582; x_wconf 86' lang='lat' dir='ltr'>ipsam</span> <span class='ocrx_word' id='word_1_59' title='bbox 877 1483 1044 1578; x_wconf 82' lang='lat' dir='ltr'>linguam</span> <span class='ocrx_word' id='word_1_60' title='bbox 1066 1481 1281 1556; x_wconf 81' lang='lat' dir='ltr'>Hebraeum</span> <span class='ocrx_word' id='word_1_61' title='bbox 1309 1503 1409 1571; x_wconf 87' lang='lat' dir='ltr'>esse,</span> <span class='ocrx_word' id='word_1_62' title='bbox 1448 1504 1571 1580; x_wconf 90' lang='lat' dir='ltr'>nuper</span> <span class='ocrx_word' id='word_1_63' title='bbox 1597 1483 1745 1557; x_wconf 87' lang='lat' dir='ltr'>exstitit</span> <span class='ocrx_word' id='word_1_64' title='bbox 1769 1481 2008 1556; x_wconf 82' lang='lat' dir='ltr'>Hamalterus</span> 
     </span>
     <span class='ocr_line' id='line_1_8' title="bbox 382 1583 2006 1714; baseline -0.003 -26"><span class='ocrx_word' id='word_1_65' title='bbox 382 1635 630 1714; x_wconf 78' lang='lat' dir='ltr'>„perversam</span> <span class='ocrx_word' id='word_1_66' title='bbox 655 1615 769 1687; x_wconf 88' lang='lat' dir='ltr'>istam</span> <span class='ocrx_word' id='word_1_67' title='bbox 796 1624 835 1686; x_wconf 90' lang='lat' dir='ltr'>et</span> <span class='ocrx_word' id='word_1_68' title='bbox 860 1583 1105 1710; x_wconf 82' lang='lat' dir='ltr'>temerariam</span> <span class='ocrx_word' id='word_1_69' title='bbox 1129 1613 1381 1712; x_wconf 88' lang='lat' dir='ltr'>opinionem“</span> <span class='ocrx_word' id='word_1_70' title='bbox 1406 1633 1457 1686; x_wconf 85' lang='lat' dir='ltr'>ex</span> <span class='ocrx_word' id='word_1_71' title='bbox 1476 1614 1613 1688; x_wconf 87' lang='lat' dir='ltr'>animis</span> <span class='ocrx_word' id='word_1_72' title='bbox 1631 1613 1867 1688; x_wconf 90' lang='lat' dir='ltr'>eruditorum</span> <span class='ocrx_word' id='word_1_73' title='bbox 1883 1611 2006 1684; x_wconf 77' lang='lat' dir='ltr'>eradi</span> 
     </span>
     <span class='ocr_line' id='line_1_9' title="bbox 383 1722 2005 1841; baseline -0.004 -21"><span class='ocrx_word' id='word_1_74' title='bbox 383 1759 551 1834; x_wconf 77' lang='lat' dir='ltr'>taturus,</span> <span class='ocrx_word' id='word_1_75' title='bbox 581 1741 684 1841; x_wconf 91' lang='lat' dir='ltr'>quod</span> <span class='ocrx_word' id='word_1_76' title='bbox 710 1743 764 1816; x_wconf 89' lang='lat' dir='ltr'>ita</span> <span class='ocrx_word' id='word_1_77' title='bbox 787 1741 931 1832; x_wconf 81' lang='lat' dir='ltr'>effecit,</span> <span class='ocrx_word' id='word_1_78' title='bbox 957 1755 1002 1816; x_wconf 91' lang='lat' dir='ltr'>ut</span> <span class='ocrx_word' id='word_1_79' title='bbox 1027 1761 1079 1815; x_wconf 86' lang='lat' dir='ltr'>ex</span> <span class='ocrx_word' id='word_1_80' title='bbox 1104 1743 1220 1817; x_wconf 88' lang='lat' dir='ltr'>variis</span> <span class='ocrx_word' id='word_1_81' title='bbox 1241 1722 1546 1839; x_wconf 80' lang='lat' dir='ltr'>inscriptionibus</span> <span class='ocrx_word' id='word_1_82' title='bbox 1573 1765 1596 1818; x_wconf 90' lang='lat' dir='ltr'>a</span> <span class='ocrx_word' id='word_1_83' title='bbox 1622 1767 1661 1817; x_wconf 90' lang='lat' dir='ltr'>se</span> <span class='ocrx_word' id='word_1_84' title='bbox 1688 1743 1888 1840; x_wconf 86' lang='lat' dir='ltr'>explicatis</span> <span class='ocrx_word' id='word_1_85' title='bbox 1907 1741 2005 1816; x_wconf 78' lang='lat' dir='ltr'>varii</span> 
     </span>
     <span class='ocr_line' id='line_1_10' title="bbox 382 1863 2005 1968; baseline -0.002 -20"><span class='ocrx_word' id='word_1_86' title='bbox 382 1875 519 1949; x_wconf 87' lang='lat' dir='ltr'>eoloris</span> <span class='ocrx_word' id='word_1_87' title='bbox 559 1885 711 1946; x_wconf 81' lang='lat' dir='ltr'>texum</span> <span class='ocrx_word' id='word_1_88' title='bbox 746 1872 985 1968; x_wconf 81' lang='lat' dir='ltr'>exsculperet</span> <span class='ocrx_word' id='word_1_89' title='bbox 1017 1891 1069 1945; x_wconf 85' lang='lat' dir='ltr'>cx</span> <span class='ocrx_word' id='word_1_90' title='bbox 1099 1874 1267 1945; x_wconf 90' lang='lat' dir='ltr'>omnium</span> <span class='ocrx_word' id='word_1_91' title='bbox 1303 1872 1549 1946; x_wconf 89' lang='lat' dir='ltr'>dialectorum</span> <span class='ocrx_word' id='word_1_92' title='bbox 1584 1863 1844 1946; x_wconf 78' lang='lat' dir='ltr'>Semiticarom</span> <span class='ocrx_word' id='word_1_93' title='bbox 1873 1871 2005 1948; x_wconf 79' lang='lat' dir='ltr'>formis</span> 
     </span>
     <span class='ocr_line' id='line_1_11' title="bbox 382 2001 2003 2102; baseline -0.003 -24"><span class='ocrx_word' id='word_1_94' title='bbox 382 2005 655 2102; x_wconf 90' lang='lat' dir='ltr'>compositum:</span> <span class='ocrx_word' id='word_1_95' title='bbox 696 2014 735 2074; x_wconf 91' lang='lat' dir='ltr'>et</span> <span class='ocrx_word' id='word_1_96' title='bbox 767 2023 879 2074; x_wconf 89' lang='lat' dir='ltr'>nemo</span> <span class='ocrx_word' id='word_1_97' title='bbox 910 2001 1009 2077; x_wconf 89' lang='lat' dir='ltr'>ullus</span> <span class='ocrx_word' id='word_1_98' title='bbox 1035 2003 1221 2092; x_wconf 86' lang='lat' dir='ltr'>surrexit,</span> <span class='ocrx_word' id='word_1_99' title='bbox 1257 2005 1321 2099; x_wconf 93' lang='lat' dir='ltr'>qui</span> <span class='ocrx_word' id='word_1_100' title='bbox 1347 2003 1482 2075; x_wconf 88' lang='lat' dir='ltr'>erroris</span> <span class='ocrx_word' id='word_1_101' title='bbox 1510 2026 1678 2077; x_wconf 86' lang='lat' dir='ltr'>caussam</span> <span class='ocrx_word' id='word_1_102' title='bbox 1706 2004 1868 2100; x_wconf 88' lang='lat' dir='ltr'>aperiret</span> <span class='ocrx_word' id='word_1_103' title='bbox 1893 2012 2003 2097; x_wconf 90' lang='lat' dir='ltr'>atque</span> 
     </span>
     <span class='ocr_line' id='line_1_12' title="bbox 382 2114 2003 2228; baseline -0.003 -19"><span class='ocrx_word' id='word_1_104' title='bbox 382 2132 614 2222; x_wconf 88' lang='lat' dir='ltr'>ostenderet,</span> <span class='ocrx_word' id='word_1_105' title='bbox 654 2131 759 2205; x_wconf 91' lang='lat' dir='ltr'>illam</span> <span class='ocrx_word' id='word_1_106' title='bbox 798 2129 946 2203; x_wconf 86' lang='lat' dir='ltr'>dialecti</span> <span class='ocrx_word' id='word_1_107' title='bbox 984 2131 1206 2206; x_wconf 85' lang='lat' dir='ltr'>Plroeuiciae</span> <span class='ocrx_word' id='word_1_108' title='bbox 1241 2133 1402 2206; x_wconf 84' lang='lat' dir='ltr'>formam</span> <span class='ocrx_word' id='word_1_109' title='bbox 1437 2134 1562 2226; x_wconf 85' lang='lat' dir='ltr'>fictam</span> <span class='ocrx_word' id='word_1_110' title='bbox 1595 2157 1675 2206; x_wconf 89' lang='lat' dir='ltr'>esse</span> <span class='ocrx_word' id='word_1_111' title='bbox 1703 2133 1841 2228; x_wconf 90' lang='lat' dir='ltr'>talique</span> <span class='ocrx_word' id='word_1_112' title='bbox 1867 2114 2003 2204; x_wconf 91' lang='lat' dir='ltr'>borum</span> 
     </span>
     <span class='ocr_line' id='line_1_13' title="bbox 382 2259 2002 2358; baseline -0.004 -20"><span class='ocrx_word' id='word_1_113' title='bbox 382 2275 715 2338; x_wconf 88' lang='lat' dir='ltr'>monumentorum</span> <span class='ocrx_word' id='word_1_114' title='bbox 746 2261 1057 2358; x_wconf 86' lang='lat' dir='ltr'>interpretatione</span> <span class='ocrx_word' id='word_1_115' title='bbox 1092 2263 1181 2351; x_wconf 87' lang='lat' dir='ltr'>niti,</span> <span class='ocrx_word' id='word_1_116' title='bbox 1216 2263 1257 2334; x_wconf 94' lang='lat' dir='ltr'>in</span> <span class='ocrx_word' id='word_1_117' title='bbox 1291 2284 1366 2358; x_wconf 87' lang='lat' dir='ltr'>qua</span> <span class='ocrx_word' id='word_1_118' title='bbox 1394 2263 1463 2335; x_wconf 81' lang='lat' dir='ltr'>vix</span> <span class='ocrx_word' id='word_1_119' title='bbox 1489 2259 1601 2337; x_wconf 87' lang='lat' dir='ltr'>unius</span> <span class='ocrx_word' id='word_1_120' title='bbox 1626 2263 1829 2338; x_wconf 86' lang='lat' dir='ltr'>alteriusve</span> <span class='ocrx_word' id='word_1_121' title='bbox 1855 2261 2002 2340; x_wconf 90' lang='lat' dir='ltr'>litterae</span> 
     </span>
     <span class='ocr_line' id='line_1_14' title="bbox 380 2387 2000 2492; baseline -0.001 -26"><span class='ocrx_word' id='word_1_122' title='bbox 380 2404 548 2492; x_wconf 88' lang='lat' dir='ltr'>potestas</span> <span class='ocrx_word' id='word_1_123' title='bbox 581 2401 681 2465; x_wconf 89' lang='lat' dir='ltr'>recte</span> <span class='ocrx_word' id='word_1_124' title='bbox 707 2389 861 2464; x_wconf 87' lang='lat' dir='ltr'>definita</span> <span class='ocrx_word' id='word_1_125' title='bbox 891 2391 950 2464; x_wconf 86' lang='lat' dir='ltr'>sit</span> <span class='ocrx_word' id='word_1_126' title='bbox 1016 2387 1239 2488; x_wconf 81' lang='lat' dir='ltr'>Quanquam</span> <span class='ocrx_word' id='word_1_127' title='bbox 1265 2390 1465 2466; x_wconf 83' lang='lat' dir='ltr'>fatendum</span> <span class='ocrx_word' id='word_1_128' title='bbox 1498 2403 1573 2480; x_wconf 85' lang='lat' dir='ltr'>est,</span> <span class='ocrx_word' id='word_1_129' title='bbox 1612 2391 1683 2466; x_wconf 88' lang='lat' dir='ltr'>hoc</span> <span class='ocrx_word' id='word_1_130' title='bbox 1705 2393 1754 2466; x_wconf 90' lang='lat' dir='ltr'>ab</span> <span class='ocrx_word' id='word_1_131' title='bbox 1780 2392 1826 2466; x_wconf 88' lang='lat' dir='ltr'>iis</span> <span class='ocrx_word' id='word_1_132' title='bbox 1851 2402 2000 2464; x_wconf 89' lang='lat' dir='ltr'>tautum</span> 
     </span>
     <span class='ocr_line' id='line_1_15' title="bbox 278 2519 1999 2618; baseline -0.002 -22"><span class='ocrx_word' id='word_1_133' title='bbox 278 2519 282 2530; x_wconf 85' lang='lat'>&#39;</span> <span class='ocrx_word' id='word_1_134' title='bbox 379 2545 457 2596; x_wconf 93' lang='lat' dir='ltr'>non</span> <span class='ocrx_word' id='word_1_135' title='bbox 474 2522 612 2596; x_wconf 83' lang='lat' dir='ltr'>frustra</span> <span class='ocrx_word' id='word_1_136' title='bbox 630 2521 768 2594; x_wconf 89' lang='lat' dir='ltr'>tentari</span> <span class='ocrx_word' id='word_1_137' title='bbox 783 2521 961 2618; x_wconf 87' lang='lat' dir='ltr'>potuisse,</span> <span class='ocrx_word' id='word_1_138' title='bbox 980 2521 1045 2616; x_wconf 92' lang='lat' dir='ltr'>qui</span> <span class='ocrx_word' id='word_1_139' title='bbox 1059 2533 1404 2610; x_wconf 88' lang='lat' dir='ltr'>monumentorum,</span> <span class='ocrx_word' id='word_1_140' title='bbox 1420 2543 1516 2617; x_wconf 89' lang='lat' dir='ltr'>quae</span> <span class='ocrx_word' id='word_1_141' title='bbox 1531 2519 1771 2594; x_wconf 86' lang='lat' dir='ltr'>Hamalterus</span> <span class='ocrx_word' id='word_1_142' title='bbox 1784 2519 1883 2593; x_wconf 89' lang='lat' dir='ltr'>male</span> <span class='ocrx_word' id='word_1_143' title='bbox 1901 2519 1999 2616; x_wconf 77' lang='lat' dir='ltr'>legit,</span> 
     </span>
     <span class='ocr_line' id='line_1_16' title="bbox 378 2647 1999 2750; baseline -0.002 -24"><span class='ocrx_word' id='word_1_144' title='bbox 378 2653 450 2750; x_wconf 86' lang='lat' dir='ltr'>ipsi</span> <span class='ocrx_word' id='word_1_145' title='bbox 476 2649 711 2749; x_wconf 90' lang='lat' dir='ltr'>probabilem</span> <span class='ocrx_word' id='word_1_146' title='bbox 738 2650 1034 2748; x_wconf 85' lang='lat' dir='ltr'>explicationem</span> <span class='ocrx_word' id='word_1_147' title='bbox 1061 2671 1112 2723; x_wconf 86' lang='lat' dir='ltr'>ex</span> <span class='ocrx_word' id='word_1_148' title='bbox 1134 2650 1250 2724; x_wconf 88' lang='lat' dir='ltr'>solius</span> <span class='ocrx_word' id='word_1_149' title='bbox 1273 2650 1421 2746; x_wconf 82' lang='lat' dir='ltr'>linguae</span> <span class='ocrx_word' id='word_1_150' title='bbox 1440 2647 1639 2723; x_wconf 88' lang='lat' dir='ltr'>Hebraeae</span> <span class='ocrx_word' id='word_1_151' title='bbox 1656 2651 1828 2746; x_wconf 78' lang='lat' dir='ltr'>analogia</span> <span class='ocrx_word' id='word_1_152' title='bbox 1842 2651 1999 2749; x_wconf 89' lang='lat' dir='ltr'>petitam</span> 
     </span>
     <span class='ocr_line' id='line_1_17' title="bbox 379 2782 659 2880; baseline -0.021 -23"><span class='ocrx_word' id='word_1_153' title='bbox 379 2782 468 2857; x_wconf 86' lang='lat' dir='ltr'>dare</span> <span class='ocrx_word' id='word_1_154' title='bbox 494 2791 659 2880; x_wconf 85' lang='lat' dir='ltr'>possent.</span> 
     </span>
    </p>

    <p class='ocr_par' dir='ltr' id='par_1_3' title="bbox 374 2907 2080 3396">
     <span class='ocr_line' id='line_1_18' title="bbox 501 2907 1999 3010; baseline -0.002 -27"><span class='ocrx_word' id='word_1_155' title='bbox 501 2907 607 2999; x_wconf 79' lang='lat' dir='ltr'>Quae</span> <span class='ocrx_word' id='word_1_156' title='bbox 634 2907 788 3010; x_wconf 90' lang='lat' dir='ltr'>quidem</span> <span class='ocrx_word' id='word_1_157' title='bbox 814 2909 943 2983; x_wconf 87' lang='lat' dir='ltr'>omnia</span> <span class='ocrx_word' id='word_1_158' title='bbox 969 2911 1101 2983; x_wconf 89' lang='lat' dir='ltr'>iccirco</span> <span class='ocrx_word' id='word_1_159' title='bbox 1131 2932 1154 2982; x_wconf 87' lang='lat' dir='ltr'>a</span> <span class='ocrx_word' id='word_1_160' title='bbox 1183 2912 1291 2985; x_wconf 89' lang='lat' dir='ltr'>nobis</span> <span class='ocrx_word' id='word_1_161' title='bbox 1318 2908 1512 3008; x_wconf 86' lang='lat' dir='ltr'>disputata</span> <span class='ocrx_word' id='word_1_162' title='bbox 1530 2911 1646 2998; x_wconf 83' lang='lat' dir='ltr'>sunt,</span> <span class='ocrx_word' id='word_1_163' title='bbox 1681 2922 1724 2982; x_wconf 92' lang='lat' dir='ltr'>ut</span> <span class='ocrx_word' id='word_1_164' title='bbox 1748 2907 1999 3003; x_wconf 81' lang='lat' dir='ltr'>intelligerent</span> 
     </span>
     <span class='ocr_line' id='line_1_19' title="bbox 376 3037 2080 3146; baseline -0.003 -31"><span class='ocrx_word' id='word_1_165' title='bbox 376 3041 510 3116; x_wconf 85' lang='lat' dir='ltr'>barum</span> <span class='ocrx_word' id='word_1_166' title='bbox 536 3038 861 3130; x_wconf 75' lang='lat' dir='ltr'>rerum&#39;studiosi,</span> <span class='ocrx_word' id='word_1_167' title='bbox 896 3039 986 3138; x_wconf 92' lang='lat' dir='ltr'>quid</span> <span class='ocrx_word' id='word_1_168' title='bbox 1013 3039 1234 3136; x_wconf 89' lang='lat' dir='ltr'>nobisipsis</span> <span class='ocrx_word' id='word_1_169' title='bbox 1260 3063 1413 3114; x_wconf 88' lang='lat' dir='ltr'>ornnem</span> <span class='ocrx_word' id='word_1_170' title='bbox 1440 3040 1538 3114; x_wconf 88' lang='lat' dir='ltr'>banc</span> <span class='ocrx_word' id='word_1_171' title='bbox 1565 3041 1762 3113; x_wconf 87' lang='lat' dir='ltr'>materiam</span> <span class='ocrx_word' id='word_1_172' title='bbox 1785 3037 1832 3111; x_wconf 90' lang='lat' dir='ltr'>de</span> <span class='ocrx_word' id='word_1_173' title='bbox 1852 3039 1998 3135; x_wconf 78' lang='lat' dir='ltr'>integre</span> <span class='ocrx_word' id='word_1_174' title='bbox 2076 3137 2080 3146; x_wconf 19' lang='lat'>¹</span> 
     </span>
     <span class='ocr_line' id='line_1_20' title="bbox 374 3168 1996 3268; baseline -0.003 -21"><span class='ocrx_word' id='word_1_175' title='bbox 374 3173 631 3248; x_wconf 85' lang='lat' dir='ltr'>retractaturis</span> <span class='ocrx_word' id='word_1_176' title='bbox 658 3168 928 3268; x_wconf 85' lang='lat' dir='ltr'>praestandum</span> <span class='ocrx_word' id='word_1_177' title='bbox 962 3170 1236 3256; x_wconf 87' lang='lat' dir='ltr'>censuerimus,</span> <span class='ocrx_word' id='word_1_178' title='bbox 1274 3181 1318 3240; x_wconf 91' lang='lat' dir='ltr'>ut</span> <span class='ocrx_word' id='word_1_179' title='bbox 1351 3169 1506 3242; x_wconf 91' lang='lat' dir='ltr'>tandem</span> <span class='ocrx_word' id='word_1_180' title='bbox 1547 3171 1742 3242; x_wconf 90' lang='lat' dir='ltr'>minuatur</span> <span class='ocrx_word' id='word_1_181' title='bbox 1775 3169 1996 3266; x_wconf 91' lang='lat' dir='ltr'>opinionum</span> 
     </span>
     <span class='ocr_line' id='line_1_21' title="bbox 375 3291 1944 3396; baseline -0.003 -20"><span class='ocrx_word' id='word_1_182' title='bbox 375 3299 574 3376; x_wconf 82' lang='lat' dir='ltr'>diversitas</span> <span class='ocrx_word' id='word_1_183' title='bbox 598 3291 799 3392; x_wconf 84' lang='lat' dir='ltr'>rerumque</span> <span class='ocrx_word' id='word_1_184' title='bbox 814 3296 1100 3369; x_wconf 86' lang='lat' dir='ltr'>Phoeniciarum</span> <span class='ocrx_word' id='word_1_185' title='bbox 1126 3295 1259 3371; x_wconf 90' lang='lat' dir='ltr'>studiis</span> <span class='ocrx_word' id='word_1_186' title='bbox 1285 3319 1375 3372; x_wconf 89' lang='lat' dir='ltr'>suus</span> <span class='ocrx_word' id='word_1_187' title='bbox 1401 3297 1585 3372; x_wconf 89' lang='lat' dir='ltr'>habeatur</span> <span class='ocrx_word' id='word_1_188' title='bbox 1604 3297 1726 3372; x_wconf 91' lang='lat' dir='ltr'>honor</span> <span class='ocrx_word' id='word_1_189' title='bbox 1757 3299 1944 3396; x_wconf 89' lang='lat' dir='ltr'>locusque.</span> 
     </span>
    </p>

    <p class='ocr_par' dir='ltr' id='par_1_4' title="bbox 373 3423 2046 3914">
     <span class='ocr_line' id='line_1_22' title="bbox 502 3423 1998 3526; baseline -0.001 -24"><span class='ocrx_word' id='word_1_190' title='bbox 502 3425 674 3524; x_wconf 85' lang='lat' dir='ltr'>Namque</span> <span class='ocrx_word' id='word_1_191' title='bbox 694 3423 870 3525; x_wconf 66' lang='lat' dir='ltr'>primaten</span> <span class='ocrx_word' id='word_1_192' title='bbox 895 3423 936 3496; x_wconf 88' lang='lat' dir='ltr'>id</span> <span class='ocrx_word' id='word_1_193' title='bbox 961 3423 1150 3522; x_wconf 83' lang='lat' dir='ltr'>agendum</span> <span class='ocrx_word' id='word_1_194' title='bbox 1176 3427 1328 3524; x_wconf 88' lang='lat' dir='ltr'>putavi,</span> <span class='ocrx_word' id='word_1_195' title='bbox 1352 3439 1396 3499; x_wconf 95' lang='lat' dir='ltr'>ut</span> <span class='ocrx_word' id='word_1_196' title='bbox 1413 3430 1559 3518; x_wconf 88' lang='lat' dir='ltr'>omnia,</span> <span class='ocrx_word' id='word_1_197' title='bbox 1587 3440 1772 3526; x_wconf 90' lang='lat' dir='ltr'>quotquot</span> <span class='ocrx_word' id='word_1_198' title='bbox 1783 3449 1836 3501; x_wconf 88' lang='lat' dir='ltr'>ex</span> <span class='ocrx_word' id='word_1_199' title='bbox 1853 3430 1998 3524; x_wconf 77' lang='lat' dir='ltr'>ingenti</span> 
     </span>
     <span class='ocr_line' id='line_1_23' title="bbox 373 3553 1994 3650; baseline -0.004 -14"><span class='ocrx_word' id='word_1_200' title='bbox 373 3563 436 3636; x_wconf 90' lang='lat' dir='ltr'>illo</span> <span class='ocrx_word' id='word_1_201' title='bbox 473 3561 682 3634; x_wconf 90' lang='lat' dir='ltr'>litterarum</span> <span class='ocrx_word' id='word_1_202' title='bbox 712 3553 997 3628; x_wconf 87' lang='lat' dir='ltr'>Phoeniciarum</span> <span class='ocrx_word' id='word_1_203' title='bbox 1024 3555 1217 3650; x_wconf 78' lang='lat' dir='ltr'>naufragio</span> <span class='ocrx_word' id='word_1_204' title='bbox 1247 3569 1400 3629; x_wconf 86' lang='lat' dir='ltr'>servata</span> <span class='ocrx_word' id='word_1_205' title='bbox 1431 3569 1469 3630; x_wconf 88' lang='lat' dir='ltr'>et</span> <span class='ocrx_word' id='word_1_206' title='bbox 1494 3556 1543 3631; x_wconf 91' lang='lat' dir='ltr'>ad</span> <span class='ocrx_word' id='word_1_207' title='bbox 1570 3557 1669 3632; x_wconf 88' lang='lat' dir='ltr'>bunc</span> <span class='ocrx_word' id='word_1_208' title='bbox 1698 3557 1798 3632; x_wconf 86' lang='lat' dir='ltr'>diem</span> <span class='ocrx_word' id='word_1_209' title='bbox 1826 3583 1847 3630; x_wconf 89' lang='lat' dir='ltr'>e</span> <span class='ocrx_word' id='word_1_210' title='bbox 1874 3572 1994 3631; x_wconf 85' lang='lat' dir='ltr'>terrae</span> 
     </span>
     <span class='ocr_line' id='line_1_24' title="bbox 373 3681 1994 3789; baseline -0.006 -21"><span class='ocrx_word' id='word_1_211' title='bbox 373 3693 512 3789; x_wconf 81' lang='lat' dir='ltr'>gremio</span> <span class='ocrx_word' id='word_1_212' title='bbox 539 3709 687 3786; x_wconf 79' lang='lat' dir='ltr'>egressa</span> <span class='ocrx_word' id='word_1_213' title='bbox 712 3697 854 3773; x_wconf 86' lang='lat' dir='ltr'>esseut,</span> <span class='ocrx_word' id='word_1_214' title='bbox 887 3696 1141 3756; x_wconf 87' lang='lat' dir='ltr'>monumenta</span> <span class='ocrx_word' id='word_1_215' title='bbox 1163 3685 1243 3756; x_wconf 91' lang='lat' dir='ltr'>sive</span> <span class='ocrx_word' id='word_1_216' title='bbox 1267 3681 1367 3756; x_wconf 89' lang='lat' dir='ltr'>edita</span> <span class='ocrx_word' id='word_1_217' title='bbox 1388 3685 1470 3757; x_wconf 87' lang='lat' dir='ltr'>sive</span> <span class='ocrx_word' id='word_1_218' title='bbox 1490 3685 1632 3760; x_wconf 87' lang='lat' dir='ltr'>inedita</span> <span class='ocrx_word' id='word_1_219' title='bbox 1653 3687 1822 3785; x_wconf 90' lang='lat' dir='ltr'>undique</span> <span class='ocrx_word' id='word_1_220' title='bbox 1844 3689 1994 3784; x_wconf 87' lang='lat' dir='ltr'>conqui-</span> 
     </span>
     <span class='ocr_line' id='line_1_25' title="bbox 373 3809 2046 3914; baseline -0.003 -20"><span class='ocrx_word' id='word_1_221' title='bbox 373 3825 446 3895; x_wconf 87' lang='lat' dir='ltr'>sita</span> <span class='ocrx_word' id='word_1_222' title='bbox 469 3833 509 3892; x_wconf 91' lang='lat' dir='ltr'>et</span> <span class='ocrx_word' id='word_1_223' title='bbox 535 3821 577 3892; x_wconf 92' lang='lat' dir='ltr'>in</span> <span class='ocrx_word' id='word_1_224' title='bbox 602 3839 722 3891; x_wconf 88' lang='lat' dir='ltr'>unum</span> <span class='ocrx_word' id='word_1_225' title='bbox 749 3835 885 3912; x_wconf 86' lang='lat' dir='ltr'>corpus</span> <span class='ocrx_word' id='word_1_226' title='bbox 912 3813 1067 3886; x_wconf 89' lang='lat' dir='ltr'>collecta</span> <span class='ocrx_word' id='word_1_227' title='bbox 1088 3811 1306 3887; x_wconf 84' lang='lat' dir='ltr'>exhiberem</span> <span class='ocrx_word' id='word_1_228' title='bbox 1325 3811 1369 3909; x_wconf 80' lang='grc'>9).</span> <span class='ocrx_word' id='word_1_229' title='bbox 1424 3813 1481 3886; x_wconf 83' lang='grc' dir='ltr'>Εο</span> <span class='ocrx_word' id='word_1_230' title='bbox 1506 3817 1684 3889; x_wconf 86' lang='lat' dir='ltr'>maiorem</span> <span class='ocrx_word' id='word_1_231' title='bbox 1713 3817 1815 3888; x_wconf 84' lang='lat' dir='ltr'>enim</span> <span class='ocrx_word' id='word_1_232' title='bbox 1842 3837 1994 3914; x_wconf 90' lang='lat' dir='ltr'>operam</span> <span class='ocrx_word' id='word_1_233' title='bbox 2042 3809 2046 3816; x_wconf 84' lang='grc'><strong>’</strong></span> 
     </span>
    </p>
   </div>
   <div class='ocr_carea' id='block_1_3' title="bbox 1216 4101 1993 4296">
    <p class='ocr_par' dir='ltr' id='par_1_5' title="bbox 1216 4101 1993 4296">
     <span class='ocr_line' id='line_1_26' title="bbox 1218 4101 1993 4186; baseline 0.012 -20"><span class='ocrx_word' id='word_1_234' title='bbox 1218 4105 1302 4166; x_wconf 82' lang='lat' dir='ltr'>ribus</span> <span class='ocrx_word' id='word_1_235' title='bbox 1338 4101 1462 4186; x_wconf 83' lang='lat'>[1807]</span> <span class='ocrx_word' id='word_1_236' title='bbox 1500 4104 1536 4168; x_wconf 81' lang='lat' dir='ltr'>iu.</span> <span class='ocrx_word' id='word_1_237' title='bbox 1572 4105 1649 4168; x_wconf 86' lang='lat' dir='ltr'>urbe</span> <span class='ocrx_word' id='word_1_238' title='bbox 1689 4117 1737 4170; x_wconf 85' lang='lat' dir='ltr'>tot</span> <span class='ocrx_word' id='word_1_239' title='bbox 1775 4107 1993 4175; x_wconf 75' lang='lat' dir='ltr'>calamitatibus</span> 
     </span>
     <span class='ocr_line' id='line_1_27' title="bbox 1216 4209 1992 4296; baseline 0.013 -26"><span class='ocrx_word' id='word_1_240' title='bbox 1216 4209 1331 4272; x_wconf 80' lang='lat' dir='ltr'>afflicta</span> <span class='ocrx_word' id='word_1_241' title='bbox 1353 4211 1499 4272; x_wconf 84' lang='lat' dir='ltr'>edatur.“</span> <span class='ocrx_word' id='word_1_242' title='bbox 1544 4211 1618 4273; x_wconf 85' lang='lat' dir='ltr'>Nou</span> <span class='ocrx_word' id='word_1_243' title='bbox 1637 4214 1731 4295; x_wconf 82' lang='lat' dir='ltr'>magis</span> <span class='ocrx_word' id='word_1_244' title='bbox 1749 4215 1903 4296; x_wconf 84' lang='lat' dir='ltr'>perfecta,</span> <span class='ocrx_word' id='word_1_245' title='bbox 1930 4221 1992 4280; x_wconf 87' lang='lat' dir='ltr'>imo</span> 
     </span>
    </p>
   </div>
   <div class='ocr_carea' id='block_1_4' title="bbox 372 4108 1149 4294">
    <p class='ocr_par' dir='ltr' id='par_1_6' title="bbox 372 4108 1149 4294">
     <span class='ocr_line' id='line_1_28' title="bbox 438 4108 1149 4194; baseline -0.011 -18"><span class='ocrx_word' id='word_1_246' title='bbox 438 4109 469 4194; x_wconf 82' lang='lat'>8)</span> <span class='ocrx_word' id='word_1_247' title='bbox 493 4113 632 4174; x_wconf 71' lang='grc' dir='ltr'>Εειιηῐ.</span> <span class='ocrx_word' id='word_1_248' title='bbox 655 4109 680 4171; x_wconf 88' lang='lat'>1.</span> <span class='ocrx_word' id='word_1_249' title='bbox 702 4130 732 4170; x_wconf 89' lang='lat' dir='ltr'>c.</span> <span class='ocrx_word' id='word_1_250' title='bbox 756 4129 789 4190; x_wconf 88' lang='lat' dir='ltr'>p.</span> <span class='ocrx_word' id='word_1_251' title='bbox 816 4114 897 4172; x_wconf 79' lang='lat'><strong>399:</strong></span> <span class='ocrx_word' id='word_1_252' title='bbox 931 4108 1149 4188; x_wconf 83' lang='lat' dir='ltr'>„Praecipuae</span> 
     </span>
     <span class='ocr_line' id='line_1_29' title="bbox 372 4211 1149 4294; baseline -0.012 -13"><span class='ocrx_word' id='word_1_253' title='bbox 372 4225 657 4280; x_wconf 74' lang='lat' dir='ltr'>mauretaniarum</span> <span class='ocrx_word' id='word_1_254' title='bbox 680 4212 876 4274; x_wconf 84' lang='lat' dir='ltr'>dissidiorum</span> <span class='ocrx_word' id='word_1_255' title='bbox 903 4211 936 4272; x_wconf 91' lang='lat' dir='ltr'>iu</span> <span class='ocrx_word' id='word_1_256' title='bbox 963 4211 1149 4294; x_wconf 84' lang='lat' dir='ltr'>explicandis</span> 
     </span>
    </p>
   </div>
   <div class='ocr_carea' id='block_1_5' title="bbox 362 4316 1149 5454">
    <p class='ocr_par' dir='ltr' id='par_1_7' title="bbox 371 4316 1149 4616">
     <span class='ocr_line' id='line_1_30' title="bbox 372 4316 1149 4398; baseline -0.012 -14"><span class='ocrx_word' id='word_1_257' title='bbox 372 4321 581 4392; x_wconf 82' lang='lat' dir='ltr'>monumentis</span> <span class='ocrx_word' id='word_1_258' title='bbox 614 4316 792 4380; x_wconf 78' lang='lat' dir='ltr'>Phoeniciis</span> <span class='ocrx_word' id='word_1_259' title='bbox 821 4325 911 4392; x_wconf 88' lang='lat' dir='ltr'>suut,</span> <span class='ocrx_word' id='word_1_260' title='bbox 952 4318 1037 4398; x_wconf 84' lang='lat' dir='ltr'>quod</span> <span class='ocrx_word' id='word_1_261' title='bbox 1061 4317 1149 4378; x_wconf 82' lang='lat' dir='ltr'>deest</span> 
     </span>
     <span class='ocr_line' id='line_1_31' title="bbox 371 4423 1146 4505; baseline -0.008 -17"><span class='ocrx_word' id='word_1_262' title='bbox 371 4427 499 4488; x_wconf 71' lang='lat' dir='ltr'>umentia</span> <span class='ocrx_word' id='word_1_263' title='bbox 516 4445 608 4499; x_wconf 81' lang='lat' dir='ltr'>veru,</span> <span class='ocrx_word' id='word_1_264' title='bbox 641 4423 749 4505; x_wconf 82' lang='lat' dir='ltr'>saltem</span> <span class='ocrx_word' id='word_1_265' title='bbox 761 4441 900 4502; x_wconf 76' lang='lat' dir='ltr'>maguam</span> <span class='ocrx_word' id='word_1_266' title='bbox 912 4433 1051 4502; x_wconf 80' lang='lat' dir='ltr'>partem,</span> <span class='ocrx_word' id='word_1_267' title='bbox 1075 4441 1146 4482; x_wconf 86' lang='lat' dir='ltr'>cum</span> 
     </span>
     <span class='ocr_line' id='line_1_32' title="bbox 371 4525 1013 4616; baseline -0.011 -23"><span class='ocrx_word' id='word_1_268' title='bbox 371 4529 521 4616; x_wconf 56' lang='lat' dir='ltr'>ubbubeu&#39;</span> <span class='ocrx_word' id='word_1_269' title='bbox 529 4576 538 4609; x_wconf 85' lang='lat'>,</span> <span class='ocrx_word' id='word_1_270' title='bbox 568 4538 635 4590; x_wconf 87' lang='lat' dir='ltr'>tum</span> <span class='ocrx_word' id='word_1_271' title='bbox 648 4525 767 4611; x_wconf 78' lang='lat' dir='ltr'>linguae</span> <span class='ocrx_word' id='word_1_272' title='bbox 781 4526 977 4588; x_wconf 78' lang='lat' dir='ltr'>Phoenicius.</span> <span class='ocrx_word' id='word_1_273' title='bbox 990 4529 1013 4561; x_wconf 89' lang='lat'><strong>“</strong></span> 
     </span>
    </p>

    <p class='ocr_par' dir='ltr' id='par_1_8' title="bbox 362 4627 1145 5454">
     <span class='ocr_line' id='line_1_33' title="bbox 434 4627 1145 4717; baseline -0.015 -18"><span class='ocrx_word' id='word_1_274' title='bbox 434 4633 467 4717; x_wconf 78' lang='grc'>9)</span> <span class='ocrx_word' id='word_1_275' title='bbox 492 4635 641 4697; x_wconf 86' lang='lat' dir='ltr'>Omnium</span> <span class='ocrx_word' id='word_1_276' title='bbox 665 4639 937 4695; x_wconf 85' lang='lat' dir='ltr'>monumentorum</span> <span class='ocrx_word' id='word_1_277' title='bbox 957 4627 1145 4690; x_wconf 83' lang='lat' dir='ltr'>Phoenicio-</span> 
     </span>
     <span class='ocr_line' id='line_1_34' title="bbox 366 4735 1144 4822; baseline -0.013 -18"><span class='ocrx_word' id='word_1_278' title='bbox 366 4759 438 4804; x_wconf 87' lang='lat' dir='ltr'>rum</span> <span class='ocrx_word' id='word_1_279' title='bbox 458 4759 570 4822; x_wconf 84' lang='lat' dir='ltr'>corpus</span> <span class='ocrx_word' id='word_1_280' title='bbox 592 4741 667 4800; x_wconf 86' lang='lat' dir='ltr'>olim</span> <span class='ocrx_word' id='word_1_281' title='bbox 686 4739 828 4799; x_wconf 88' lang='lat' dir='ltr'>molitum</span> <span class='ocrx_word' id='word_1_282' title='bbox 849 4753 914 4798; x_wconf 83' lang='lat' dir='ltr'>esse</span> <span class='ocrx_word' id='word_1_283' title='bbox 937 4735 1144 4797; x_wconf 81' lang='lat' dir='ltr'>Gnantrsens</span> 
     </span>
     <span class='ocr_line' id='line_1_35' title="bbox 365 4839 1145 4921; baseline -0.013 -12"><span class='ocrx_word' id='word_1_284' title='bbox 365 4849 575 4908; x_wconf 68' lang='lat' dir='ltr'>Francicus</span> <span class='ocrx_word' id='word_1_285' title='bbox 602 4845 795 4919; x_wconf 85' lang='lat' dir='ltr'>Romanum,</span> <span class='ocrx_word' id='word_1_286' title='bbox 839 4842 927 4903; x_wconf 85' lang='lat' dir='ltr'>cuius</span> <span class='ocrx_word' id='word_1_287' title='bbox 963 4859 1040 4921; x_wconf 85' lang='lat' dir='ltr'>opus</span> <span class='ocrx_word' id='word_1_288' title='bbox 1071 4839 1145 4914; x_wconf 87' lang='lat' dir='ltr'>„de</span> 
     </span>
     <span class='ocr_line' id='line_1_36' title="bbox 366 4943 1144 5014; baseline -0.017 0"><span class='ocrx_word' id='word_1_289' title='bbox 366 4947 554 5014; x_wconf 70' lang='lat' dir='ltr'>Phoenicius</span> <span class='ocrx_word' id='word_1_290' title='bbox 589 4947 778 5012; x_wconf 76' lang='lat' dir='ltr'>litteraturae</span> <span class='ocrx_word' id='word_1_291' title='bbox 815 4945 987 5009; x_wconf 52' lang='lat' dir='ltr'>tenebam</span> <span class='ocrx_word' id='word_1_292' title='bbox 1027 4943 1144 5004; x_wconf 84' lang='lat' dir='ltr'>Romae</span> 
     </span>
     <span class='ocr_line' id='line_1_37' title="bbox 368 5047 1144 5138; baseline -0.014 -20"><span class='ocrx_word' id='word_1_293' title='bbox 368 5059 451 5122; x_wconf 76' lang='lat' dir='ltr'>tuos</span> <span class='ocrx_word' id='word_1_294' title='bbox 486 5055 621 5138; x_wconf 88' lang='lat' dir='ltr'>prodiit,</span> <span class='ocrx_word' id='word_1_295' title='bbox 664 5055 750 5117; x_wconf 84' lang='lat' dir='ltr'>testis</span> <span class='ocrx_word' id='word_1_296' title='bbox 786 5063 834 5115; x_wconf 88' lang='lat' dir='ltr'>est</span> <span class='ocrx_word' id='word_1_297' title='bbox 870 5047 1072 5114; x_wconf 77' lang='lat' dir='ltr'>Akerblsdius</span> <span class='ocrx_word' id='word_1_298' title='bbox 1111 5050 1144 5108; x_wconf 91' lang='lat' dir='ltr'>iu</span> 
     </span>
     <span class='ocr_line' id='line_1_38' title="bbox 368 5153 1144 5240; baseline -0.013 -16"><span class='ocrx_word' id='word_1_299' title='bbox 368 5161 544 5224; x_wconf 78' lang='lat' dir='ltr'>comment.</span> <span class='ocrx_word' id='word_1_300' title='bbox 564 5159 681 5222; x_wconf 69' lang='lat' dir='ltr'>societ.</span> <span class='ocrx_word' id='word_1_301' title='bbox 708 5157 787 5240; x_wconf 75' lang='lat' dir='ltr'>neg.</span> <span class='ocrx_word' id='word_1_302' title='bbox 811 5153 952 5239; x_wconf 78' lang='lat' dir='ltr'>Gottiug.</span> <span class='ocrx_word' id='word_1_303' title='bbox 975 5153 1049 5217; x_wconf 79' lang='lat' dir='ltr'>vot.</span> <span class='ocrx_word' id='word_1_304' title='bbox 1064 5153 1144 5215; x_wconf 81' lang='lat' dir='ltr'>XIV</span> 
     </span>
     <span class='ocr_line' id='line_1_39' title="bbox 362 5259 1142 5360; baseline -0.015 -29"><span class='ocrx_word' id='word_1_305' title='bbox 362 5283 400 5360; x_wconf 78' lang='lat' dir='ltr'>p.</span> <span class='ocrx_word' id='word_1_306' title='bbox 415 5273 496 5330; x_wconf 76' lang='lat'><strong>22⁰:</strong></span> <span class='ocrx_word' id='word_1_307' title='bbox 529 5263 655 5344; x_wconf 82' lang='lat' dir='ltr'>„Nulla</span> <span class='ocrx_word' id='word_1_308' title='bbox 676 5273 722 5324; x_wconf 87' lang='lat' dir='ltr'>cst</span> <span class='ocrx_word' id='word_1_309' title='bbox 737 5279 824 5344; x_wconf 83' lang='lat' dir='ltr'>spes,</span> <span class='ocrx_word' id='word_1_310' title='bbox 846 5272 882 5323; x_wconf 88' lang='lat' dir='ltr'>ut</span> <span class='ocrx_word' id='word_1_311' title='bbox 897 5281 973 5343; x_wconf 87' lang='lat' dir='ltr'>opus</span> <span class='ocrx_word' id='word_1_312' title='bbox 986 5259 1142 5322; x_wconf 70' lang='lat' dir='ltr'>muncia-</span> 
     </span>
     <span class='ocr_line' id='line_1_40' title="bbox 365 5365 1141 5454; baseline -0.01 -23"><span class='ocrx_word' id='word_1_313' title='bbox 365 5391 461 5450; x_wconf 87' lang='lat' dir='ltr'>num,</span> <span class='ocrx_word' id='word_1_314' title='bbox 492 5371 574 5454; x_wconf 85' lang='lat' dir='ltr'>quod</span> <span class='ocrx_word' id='word_1_315' title='bbox 595 5369 770 5454; x_wconf 79' lang='lat' dir='ltr'>prolixitate</span> <span class='ocrx_word' id='word_1_316' title='bbox 793 5367 927 5444; x_wconf 83' lang='lat' dir='ltr'>laborat,</span> <span class='ocrx_word' id='word_1_317' title='bbox 958 5365 1007 5427; x_wconf 88' lang='lat' dir='ltr'>ln&#39;s</span> <span class='ocrx_word' id='word_1_318' title='bbox 1021 5376 1141 5448; x_wconf 85' lang='lat' dir='ltr'>tempu-</span> 
     </span>
    </p>
   </div>
   <div class='ocr_carea' id='block_1_6' title="bbox 1211 4313 1993 5326">
    <p class='ocr_par' dir='ltr' id='par_1_9' title="bbox 1211 4313 1993 5326">
     <span class='ocr_line' id='line_1_41' title="bbox 1216 4313 1993 4397; baseline 0.013 -23"><span class='ocrx_word' id='word_1_319' title='bbox 1216 4315 1253 4375; x_wconf 81' lang='lat' dir='ltr'>eb</span> <span class='ocrx_word' id='word_1_320' title='bbox 1282 4313 1357 4396; x_wconf 84' lang='lat' dir='ltr'>ipsis</span> <span class='ocrx_word' id='word_1_321' title='bbox 1388 4316 1588 4397; x_wconf 84' lang='lat' dir='ltr'>scriptoribus</span> <span class='ocrx_word' id='word_1_322' title='bbox 1618 4317 1754 4397; x_wconf 84' lang='lat' dir='ltr'>abiecta,</span> <span class='ocrx_word' id='word_1_323' title='bbox 1791 4331 1864 4382; x_wconf 89' lang='lat' dir='ltr'>suut</span> <span class='ocrx_word' id='word_1_324' title='bbox 1883 4323 1993 4384; x_wconf 81' lang='lat' dir='ltr'>similia</span> 
     </span>
     <span class='ocr_line' id='line_1_42' title="bbox 1215 4413 1990 4508; baseline 0.014 -30"><span class='ocrx_word' id='word_1_325' title='bbox 1215 4413 1250 4478; x_wconf 83' lang='lat' dir='ltr'>F.</span> <span class='ocrx_word' id='word_1_326' title='bbox 1273 4413 1313 4480; x_wconf 88' lang='grc' dir='ltr'>Ρ.</span> <span class='ocrx_word' id='word_1_327' title='bbox 1334 4415 1467 4504; x_wconf 79' lang='lat' dir='ltr'>Buym’,</span> <span class='ocrx_word' id='word_1_328' title='bbox 1498 4421 1615 4484; x_wconf 72' lang='lat' dir='ltr'>Marcii</span> <span class='ocrx_word' id='word_1_329' title='bbox 1630 4421 1916 4508; x_wconf 81' lang='lat' dir='ltr'>Non&#39;mbergensis,</span> <span class='ocrx_word' id='word_1_330' title='bbox 1952 4425 1990 4490; x_wconf 91' lang='grc' dir='ltr'>Ο.</span> 
     </span>
     <span class='ocr_line' id='line_1_43' title="bbox 1217 4517 1990 4609; baseline 0.017 -27"><span class='ocrx_word' id='word_1_331' title='bbox 1217 4517 1255 4584; x_wconf 80' lang='lat' dir='ltr'>G.</span> <span class='ocrx_word' id='word_1_332' title='bbox 1271 4521 1433 4608; x_wconf 75' lang='lat' dir='ltr'>Tycisenii</span> <span class='ocrx_word' id='word_1_333' title='bbox 1447 4521 1592 4604; x_wconf 85' lang='lat' dir='ltr'>consilia,</span> <span class='ocrx_word' id='word_1_334' title='bbox 1617 4549 1694 4609; x_wconf 88' lang='lat' dir='ltr'>quae</span> <span class='ocrx_word' id='word_1_335' title='bbox 1707 4541 1858 4593; x_wconf 79' lang='lat' dir='ltr'>memorat</span> <span class='ocrx_word' id='word_1_336' title='bbox 1870 4533 1990 4594; x_wconf 83' lang='lat' dir='ltr'>Beller-</span> 
     </span>
     <span class='ocr_line' id='line_1_44' title="bbox 1213 4627 1989 4715; baseline 0.017 -29"><span class='ocrx_word' id='word_1_337' title='bbox 1213 4647 1363 4705; x_wconf 87' lang='lat' dir='ltr'>muuuus,</span> <span class='ocrx_word' id='word_1_338' title='bbox 1401 4627 1439 4690; x_wconf 87' lang='lat' dir='ltr'>de</span> <span class='ocrx_word' id='word_1_339' title='bbox 1465 4629 1560 4693; x_wconf 84' lang='lat' dir='ltr'>inser.</span> <span class='ocrx_word' id='word_1_340' title='bbox 1585 4631 1761 4697; x_wconf 87' lang='lat' dir='ltr'>Phoeniciis</span> <span class='ocrx_word' id='word_1_341' title='bbox 1774 4655 1841 4715; x_wconf 79' lang='lat' dir='ltr'>pag.</span> <span class='ocrx_word' id='word_1_342' title='bbox 1862 4636 1905 4696; x_wconf 80' lang='lat'>4:</span> <span class='ocrx_word' id='word_1_343' title='bbox 1934 4639 1989 4699; x_wconf 84' lang='lat' dir='ltr'>ted</span> 
     </span>
     <span class='ocr_line' id='line_1_45' title="bbox 1214 4732 1989 4816; baseline 0.018 -22"><span class='ocrx_word' id='word_1_344' title='bbox 1214 4732 1389 4794; x_wconf 81' lang='lat' dir='ltr'>etiamnunc</span> <span class='ocrx_word' id='word_1_345' title='bbox 1407 4745 1603 4816; x_wconf 83' lang='lat' dir='ltr'>exspectetur</span> <span class='ocrx_word' id='word_1_346' title='bbox 1614 4737 1672 4799; x_wconf 88' lang='lat' dir='ltr'>cel.</span> <span class='ocrx_word' id='word_1_347' title='bbox 1688 4739 1895 4803; x_wconf 82' lang='lat' dir='ltr'>Lsuuusnerr</span> <span class='ocrx_word' id='word_1_348' title='bbox 1909 4741 1989 4808; x_wconf 82' lang='lat' dir='ltr'>liber</span> 
     </span>
     <span class='ocr_line' id='line_1_46' title="bbox 1216 4837 1988 4923; baseline 0.017 -26"><span class='ocrx_word' id='word_1_349' title='bbox 1216 4837 1288 4915; x_wconf 87' lang='lat' dir='ltr'>„de</span> <span class='ocrx_word' id='word_1_350' title='bbox 1322 4839 1424 4901; x_wconf 85' lang='lat' dir='ltr'>numia</span> <span class='ocrx_word' id='word_1_351' title='bbox 1458 4851 1490 4902; x_wconf 86' lang='lat' dir='ltr'>et</span> <span class='ocrx_word' id='word_1_352' title='bbox 1525 4841 1774 4923; x_wconf 87' lang='lat' dir='ltr'>inscriptionibus</span> <span class='ocrx_word' id='word_1_353' title='bbox 1802 4841 1988 4910; x_wconf 84' lang='lat' dir='ltr'>Phoenicio-</span> 
     </span>
     <span class='ocr_line' id='line_1_47' title="bbox 1213 4927 1986 5026; baseline 0.014 -22"><span class='ocrx_word' id='word_1_354' title='bbox 1213 4943 1360 5023; x_wconf 84' lang='lat' dir='ltr'>Punicis,</span> <span class='ocrx_word' id='word_1_355' title='bbox 1390 4947 1549 5023; x_wconf 76' lang='lat' dir='ltr'>lisaniae,</span> <span class='ocrx_word' id='word_1_356' title='bbox 1581 4967 1630 5026; x_wconf 85' lang='lat' dir='ltr'>sp.</span> <span class='ocrx_word' id='word_1_357' title='bbox 1649 4927 1826 5010; x_wconf 84' lang='lat' dir='ltr'>Schubctbe</span> <span class='ocrx_word' id='word_1_358' title='bbox 1846 4951 1879 5012; x_wconf 92' lang='lat' dir='ltr'>iu</span> <span class='ocrx_word' id='word_1_359' title='bbox 1900 4973 1986 5014; x_wconf 87' lang='lat' dir='ltr'>com-</span> 
     </span>
     <span class='ocr_line' id='line_1_48' title="bbox 1212 5049 1985 5132; baseline 0.014 -24"><span class='ocrx_word' id='word_1_360' title='bbox 1212 5049 1349 5126; x_wconf 81' lang='lat' dir='ltr'>mits.“,</span> <span class='ocrx_word' id='word_1_361' title='bbox 1388 5054 1536 5132; x_wconf 81' lang='lat' dir='ltr'>quentin</span> <span class='ocrx_word' id='word_1_362' title='bbox 1564 5049 1648 5110; x_wconf 86' lang='lat' dir='ltr'>libris</span> <span class='ocrx_word' id='word_1_363' title='bbox 1674 5067 1749 5112; x_wconf 83' lang='lat' dir='ltr'>mox</span> <span class='ocrx_word' id='word_1_364' title='bbox 1766 5053 1897 5118; x_wconf 70' lang='lat' dir='ltr'>,edendis</span> <span class='ocrx_word' id='word_1_365' title='bbox 1924 5059 1985 5119; x_wconf 79' lang='lat' dir='ltr'>iam</span> 
     </span>
     <span class='ocr_line' id='line_1_49' title="bbox 1211 5155 1985 5246; baseline 0.014 -33"><span class='ocrx_word' id='word_1_366' title='bbox 1211 5169 1292 5214; x_wconf 83' lang='lat' dir='ltr'>tuus</span> <span class='ocrx_word' id='word_1_367' title='bbox 1303 5156 1384 5217; x_wconf 79' lang='lat' dir='ltr'>test</span> <span class='ocrx_word' id='word_1_368' title='bbox 1400 5155 1696 5217; x_wconf 86' lang='lat' dir='ltr'>iuWeidmanniauo</span> <span class='ocrx_word' id='word_1_369' title='bbox 1709 5157 1857 5222; x_wconf 87' lang='lat' dir='ltr'>librorum</span> <span class='ocrx_word' id='word_1_370' title='bbox 1863 5161 1985 5246; x_wconf 80' lang='lat' dir='ltr'>Lipsiae</span> 
     </span>
     <span class='ocr_line' id='line_1_50' title="bbox 1211 5259 1774 5326; baseline 0.005 -3"><span class='ocrx_word' id='word_1_371' title='bbox 1211 5260 1365 5323; x_wconf 77' lang='lat' dir='ltr'>renalium</span> <span class='ocrx_word' id='word_1_372' title='bbox 1387 5259 1487 5322; x_wconf 85' lang='lat' dir='ltr'>indice</span> <span class='ocrx_word' id='word_1_373' title='bbox 1498 5261 1683 5324; x_wconf 86' lang='lat' dir='ltr'>recensitum</span> <span class='ocrx_word' id='word_1_374' title='bbox 1697 5261 1774 5326; x_wconf 82' lang='lat' dir='ltr'>vidi.</span> 
     </span>
    </p>
   </div>
   <div class='ocr_carea' id='block_1_7' title="bbox 0 0 2494 6296">
    <p class='ocr_par' dir='ltr' id='par_1_10' title="bbox 0 0 2494 6296">
     <span class='ocr_line' id='line_1_51' title="bbox 0 0 2494 6296; baseline 0 9"><span class='ocrx_word' id='word_1_375' title='bbox 0 0 2494 6296; x_wconf 95' lang='lat' dir='ltr'> </span> 
     </span>
    </p>
   </div>
  </div>
 </body>
</html>
