5044 6298
497 605 572 682 366
659 599 792 668 LIBER
813 595 1036 698 Quantus.
1072 595 1134 664 DE
1155 591 1327 662 LlNGUA
1347 591 1603 663 PHOENICIA.
1647 593 1795 663 CAPUT
1816 593 2034 666 TERTIUM.

586 789 628 855 V.
650 793 703 858 50.
745 783 942 873 Maplsrro.
988 783 1072 850 Ibid.
1094 781 1382 850 Motalecia'onnc.
1417 819 1421 828 ·

624 944 631 960 .
715 901 866 986 (Peneum
890 896 1173 982 Muuilechianna).
1219 901 1312 960 Rom.
1327 899 1466 960 Mivulec
1480 898 1606 962 biunna.
1637 901 1726 980 Lips.
1747 899 1806 960 Mu
1819 899 2026 962 uilecbianua.
2059 871 2119 964 Eld.

668 1007 768 1088 princ.
785 1001 921 1065 Moinleo
933 1001 1057 1065 bienna.
1101 1001 1184 1064 Male
1200 1002 1434 1063 Bellermannus
1452 1003 1595 1066 editionis
1607 1003 1755 1086 principis
1771 1001 1937 1064 lectionem
1953 1002 2033 1064 banc
2048 1003 2123 1066 lacit

671 1103 848 1191 Miptulect
872 1108 976 1167 ἰαηνια.
1357 1096 1361 1108 ’

582 1246 625 1310 V.
648 1247 699 1310 53.
743 1238 851 1306 liolel
872 1235 1106 1304 clnleananoot
1129 1232 1283 1340 lipqcbot
1305 1237 1408 1322 (sici)

712 1367 806 1426 Rom.
829 1360 917 1422 leech
935 1359 1127 1422 laehnnanim
1145 1360 1246 1420 lituini
1267 1359 1351 1421 chot.
1395 1360 1484 1442 Lips.
1510 1359 1627 1424 Lalech
1639 1359 1709 1422 lach
1727 1380 1788 1422 ann
1803 1359 1882 1422 mliu
1907 1361 1930 1422 ii
1947 1360 2021 1424 cbot
2031 1405 2040 1436 ‚
2072 1361 2122 1422 ed.

669 1467 768 1548 princ.
789 1463 890 1524 lnlech
905 1463 1030 1523 labcana
1043 1463 1077 1522 ni
1095 1460 1281 1522 liminicobt.

586 1599 627 1665 V.
649 1605 702 1667 56.
748 1596 848 1662 Poen.
871 1595 988 1661 Issam.
1031 1591 1112 1658 Mile
1126 1591 1292 1659 Arbitione
1312 1592 1454 1680 quidem.

713 1715 762 1776 Ite
777 1715 868 1774 etiam
882 1714 975 1773 Rom.
992 1721 1024 1770 et
1038 1710 1087 1770 ed.
1101 1711 1266 1793 princeps,
1297 1711 1357 1770 nisi
1374 1709 1457 1790 quod
1473 1709 1522 1769 ed.
1537 1729 1587 1789 pr.
1604 1708 1696 1770 laam.
1724 1709 1812 1790 Lipr.
1830 1709 1923 1772 habet
1937 1708 2056 1774 Issain.'
2149 1725 2154 1732 “

586 1849 626 1913 V.
648 1851 700 1915 57.
744 1847 863 1912 Polum
883 1865 968 1930 ergo
988 1840 1116 1928 deciis.
1196 1895 1214 1912 ‚
1489 1897 1493 1908 ,

707 1963 763 2055 'lu
779 1962 871 2024 etiam
887 1961 981 2020 editio
997 1959 1097 2040 princ.
1142 1959 1238 2019 Rom.
1254 1957 1358 2020 (letha.
1393 1956 1819 2042 Lips.Palninergadecl1a.

588 2096 630 2162 V.
652 2099 704 2161 63.
748 2091 985 2179 anlonnt‘oos
1006 2089 1222 2177 cocorapln'ns.

718 2212 810 2270 Rom.
839 2207 1066 2290 maphonninm
1093 2200 1304 2280 succoraliim,
1346 2203 1399 2265 sed
1421 2204 1511 2286 Lipa.
1543 2205 1602 2266 Mu
1620 2205 1762 2267 sonnium
1785 2207 1955 2282 sucoraim,
1995 2207 2044 2269 ed.
2074 2228 2123 2287 pr.

675 2313 904 2394 Mupbonnium
927 2330 1096 2372 succuram.
1345 2311 1350 2318 ’
1738 2313 1740 2320 ⁴

590 2443 633 2510 V.
654 2449 706 2510 66.
753 2442 903 2510 anaclet
928 2441 1259 2508 salsamentorum.

719 2560 880 2636 ltaptiam
901 2561 994 2620 Rom.
1017 2559 1070 2620 sed
1084 2557 1173 2639 Lips.
1188 2557 1362 2618 balsamem.
1394 2557 1455 2620 Ed.
1472 2557 1572 2638 princ.
1589 2539 1754 2616 belismen.
1786 2555 1977 2637 Palimpsest.
1993 2558 2122 2620 Mediol.

674 2655 1060 2745 gunebboleomimffibilc,
1097 2669 1242 2741 corrupte
1263 2679 1321 2739 pro
1442 2662 1572 2719 termae.

506 2800 558 2864 Se.
580 2803 612 2876 3,
635 2802 687 2861 22.
705 2800 766 2862 23:
803 2791 985 2859 Hccdonee
1004 2793 1060 2858 s'llt'
1079 2790 1187 2858 locon
1208 2789 1290 2856 lene
1310 2795 1343 2856 ra·
1354 2792 1410 2856 e'lls‘
1421 2798 1459 2856 s'n
1476 2795 1616 2856 nestrae
1636 2789 1699 2856 Mc
1718 2795 1789 2876 apsa·
1806 2799 1841 2856 et
1862 2797 1973 2858 eserie
1994 2792 2069 2858 dou
2093 2801 2127 2858 et

591 2911 722 2976 olom
751 2913 918 2972 continua.
2201 2894 2204 2900 ’

679 3127 754 3192 dum
777 3134 808 3184 et
831 3123 949 3183 alumna
965 3123 1126 3182 uestinum.
1168 3114 1432 3200 Lips.'handonis
1453 3119 1499 3180 illi
1518 3119 1627 3182 havori
1641 3121 1748 3183 benest
1764 3123 1809 3184 illi
1824 3121 1999 3184 immustine
2012 3123 2056 3182 mi
2069 3125 2128 3208 ipsi

680 3238 712 3289 et
735 3236 838 3288 eneste
859 3225 933 3284 dum
958 3235 989 3285 ct
1010 3224 1133 3284 alumne
1154 3223 1336 3297 cesfimnm,
1370 3241 1447 3302 quae
1465 3223 1570 3282 omnia
1589 3219 1797 3285 Giddenemae
1816 3225 1995 3286 tribuuntur
2015 3234 2046 3285 et
2059 3226 2126 3286 aine

578 3405 585 3420 ⁹
681 3329 929 3409 interpunctione
946 3327 1128 3407 copulantur
1140 3345 1212 3386 curn
1227 3334 1416 3406 „quaestum
1434 3327 1605 3405 corpore“.
1636 3326 1764 3387 Mediol.
1784 3329 1825 3388 V.
1842 3334 1900 3393 22:
1925 3323 2125 3412 conmma(lli)

685 3473 829 3492 .......
873 3431 1000 3523 V323:
1023 3425 1171 3511 m(i)petoss
1504 3428 1523 3476 θ
1972 3436 1980 3450 ’

593 3563 635 3628 V.
659 3569 708 3630 33.
751 3561 942 3628 Locionone‘
963 3581 1030 3627 cos.

723 3679 833 3760 Palatt.
850 3688 881 3739 et
896 3679 998 3758 princ.
1027 3677 1114 3760 Lipa.
1132 3676 1308 3738 Lacbauen.

1261 3902 1290 3978 ς.
1322 3904 1372 3962 12.

821 4037 1150 4122 Interpretotlo
1176 4034 1315 4123 ¹decess
1342 4033 1533 4099 certunm
1560 4033 1815 4100 Punicorum

1124 4147 1187 4203 Act·
1207 4149 1245 4216 V,
1262 4165 1301 4203 so·
1320 4150 1390 4218 1‚v.
1410 4150 1515 4200 1-10.

638 4284 803 4368 Apparatn
849 4280 960 4342 critico
998 4275 1091 4355 bunc,
1120 4277 1155 4340 io
1190 4267 1326 4342 modurn
1359 4275 1514 4359 disposito
1558 4287 1686 4339 nonnae
1734 4275 1935 4364 singulorum
1981 4297 2129 4342 versuum

511 4395 707 4482 expositioni
752 4411 853 4477 pauca
896 4391 1051 4477 quaedam
1093 4390 1127 4454 iu
1164 4391 1359 4480 universum¹
1393 4387 1553 4473 disputata
1589 4389 1833 4473 praemittimus.
1905 4391 1955 4456 Ac
1992 4395 2142 4476 prinam*
2221 4451 2222 4454 ,

512 4509 639 4596 quidem
668 4523 749 4593 quae
778 4504 818 4568 de
848 4503 993 4567 codicum
1021 4513 1204 4566 nostrornm
1233 4497 1413 4588 corruptela
1445 4496 1516 4564 sola
1543 4501 1729 4566 coniectura
1756 4505 1812 4568 vix
1840 4503 1958 4588 ubique
1987 4503 2131 4566 sananda
2159 4515 2165 4526 ·

511 4623 678 4697 diximus,
719 4639 783 4682 nou
821 4619 867 4680 ita
894 4611 1032 4700 intelligi
1066 4611 1166 4693 volo,
1211 4616 1301 4701 quasi
1338 4615 1378 4679 de
1412 4610 1575 4701 plerisque
1610 4626 1696 4678 certe
1727 4613 1872 4686 versibus
1902 4616 2131 4700 sententiisque

513 4730 719 4820 probabiliter
741 4743 772 4794 et
793 4728 998 4794 restituendis
1025 4741 1057 4790 et
1089 4723 1288 4812 explicandis
1310 4725 1545 4813 desperandum
1568 4728 1619 4790 sit.
1664 4723 1853 4812 Quanquam
1875 4728 1961 4790 enirn
1984 4717 2131 4790 nonnulli

514 4868 624 4910 versus
652 4842 717 4932 (V.
742 4850 773 4908 2.
794 4847 825 4908 7.
853 4864 898 4909 sc.
920 4847 951 4921 3,
979 4848 1028 4920 22.
1044 4843 1128 4920 23),
1167 4843 1271 4904 varias
1293 4839 1420 4936 quidem
1451 4838 1493 4905 ob
1524 4859 1671 4918 mussas,
1701 4841 1747 4902 ita
1768 4839 1941 4924 eonqurati
1967 4852 2060 4916 aunt,
2097 4856 2132 4904 ut

490 4953 660 5044 ‘vulgatae
676 4959 851 5044 scripturae
870 4976 973 5042 neque
990 4951 1116 5019 medela
1131 4975 1234 5040 neque
1252 4950 1422 5039 explicatio
1439 4949 1614 5037 probabilia
1630 4953 1760 5014 inventa
1775 4951 1838 5014 sit:
1861 4963 1967 5016 tamen
1986 4949 2130 5039 plerique
2240 5001 2246 5006 .

375 5151 378 5156 ἱ
511 5067 576 5133 levi
605 5071 723 5155 passim
752 5071 926 5135 mutatione
955 5066 1099 5134 adbibita
1120 5066 1314 5151 vocibusque
1336 5077 1422 5130 recte
1444 5065 1609 5149 dispositis
1634 5062 1746 5164 Paniai
1768 5061 1927 5129 sermonis
1949 5063 2131 5150 exemplant

513 5167 606 5248 nobis
628 5180 792 5269 praebeat,
815 5183 898 5268 quod
921 5195 989 5245 tunt
1010 5171 1145 5268 linguae
1153 5179 1322 5244 Hebraeae
1345 5197 1405 5262 ope
1426 5174 1565 5261 intelligi
1584 5190 1679 5260 atque
1700 5193 1772 5238 cam
1795 5177 1898 5261 ipsius
1913 5173 2017 5242 Plauti
2032 5174 2132 5240 latina

513 5295 775 5379 interpretatione
809 5290 974 5409 conciliari
999 5306 1121 5378 potest,
1162 5305 1226 5356 turn
1256 5289 1385 5375 linguae
1410 5289 1579 5352 Semiticae
1604 5284 1747 5351 habitum
1771 5287 1974 5376 coloremque
1996 5311 2073 5375 prae
2095 5309 2130 5351 se
