5016 6294
517 668 589 740 192
641 659 775 728 LlBEll
789 655 1034 727 SECUNDUS.
1065 654 1405 724 INSCRIPTIONES
1421 655 1701 726 PHOENlClAE.
1731 657 1880 726 CAPUT
1895 659 2098 728 SEXTUM.

641 861 675 917 4.
720 848 832 914 Restat
859 859 894 911 ιιι
921 848 1018 910 etiarn
1047 848 1080 910 in
1110 844 1212 910 altera
1239 847 1460 933 inscriptionis
1490 861 1579 934 parte
1606 847 1726 933 ignotis
1755 845 1994 914 characteribus
2025 853 2143 937 scripta

516 971 602 1031 vires
633 977 760 1028 nostras
789 957 1022 1046 periclitemur:
1058 960 1142 1045 qnod
1174 983 1214 1024 ne
1244 984 1263 1024 a
1292 959 1367 1024 libri
1391 963 1492 1025 nostri
1517 957 1674 1039 oonsilio,
1711 962 1794 1047 quod
1820 963 1854 1025 in
1878 961 1949 1026 sola
1968 961 2143 1028 Phoenicia

516 1081 672 1162 scriptura
693 1073 882 1138 illustranda
905 1084 1067 1151 versatur,
1091 1070 1227 1137 alienius
1250 1075 1406 1151 videatur,
1427 1071 1562 1138 lectores
1585 1094 1743 1138 memores
1766 1095 1839 1138 esse
1861 1073 2029 1154 iubemus,
2047 1075 2143 1142 huius

516 1189 732 1274 inscriptionis
762 1185 904 1268 Libycae
934 1185 1015 1248 adeo
1043 1187 1077 1248 in
1107 1184 1229 1249 Punica
1256 1189 1463 1272 inscriptione
1492 1199 1578 1250 recte
1605 1184 1743 1272 legenda
1764 1199 1795 1250 et
1816 1189 2072 1274 interpretanda,
2109 1205 2144 1254 ιιι

517 1303 674 1378 vidimus,
709 1301 928 1362 auctoritatem
958 1297 1059 1360 luisse
1090 1296 1175 1361 band
1205 1321 1335 1384 prorsus
1364 1297 1495 1364 nullam.
1526 1335 1565 1350 -
1609 1299 1701 1363 Prior
1729 1302 1948 1386 inscriptionis
1976 1302 2080 1366 editor
2102 1322 2142 1365 ne

516 1420 556 1481 ‹le
579 1415 708 1478 nomine
730 1413 856 1498 quidem
881 1425 913 1474 ot
935 1411 1036 1496 patria
1057 1407 1145 1473 illins
1167 1413 1362 1496 scripturae,
1391 1415 1482 1477 cuius
1504 1411 1564 1476 boc
1578 1414 1707 1477 coicum
1721 1435 1741 1476 e
1756 1427 1861 1477 terrac
1875 1417 2000 1500 gremio
2015 1417 2146 1478 emersit

516 1531 696 1614 specimen,
727 1545 834 1588 veram
858 1526 1049 1588 sententiam
1074 1525 1165 1588 dixit.
1220 1521 1367 1610 Namque
1389 1527 1472 1610 quod
1495 1524 1701 1590 llamakerus
1732 1525 1846 1610 (distr.
1871 1549 1901 1612 p.
1924 1527 1987 1611 36)
2021 1525 2143 1591 litteras

517 1641 591 1706 illas
606 1638 876 1720 ‚,Celtr'bericos“
890 1651 921 1700 et
936 1636 1171 1724 ,¹‚Celtr'derr'ois
1186 1638 1331 1701 similes“
1349 1636 1498 1724 appellat,
1516 1638 1550 1701 id
1563 1658 1603 1700 ne
1619 1637 1658 1702 de
1674 1640 1768 1704 unico
1785 1641 1909 1726 quidem
1927 1641 1996 1705 eius
2008 1642 2143 1726 scriptu·

517 1777 572 1821 raa
594 1756 688 1840 signo
711 1765 797 1816 recte
819 1751 881 1814 dici
903 1765 1008 1836 potest
1036 1749 1085 1834 (r.
1109 1749 1172 1814 tab.
1195 1763 1293 1814 nostr.
1316 1751 1373 1831 ²l²
1398 1753 1577 1836 rectiusque
1601 1752 1665 1814 ium
1681 1750 1878 1816 Merentem
1901 1749 2068 1840 (Religion
2086 1753 2143 1817 der

518 1866 705 1952 Karthager
726 1887 757 1950 p.
774 1862 838 1947 99)
867 1876 899 1926 ιι
923 1859 1170 1938 Quutremerr'us
1191 1861 1369 1946 (Memoire
1394 1885 1450 1927 sur
1472 1861 1625 1949 quelques
1646 1865 1853 1950 inscriptions
1874 1866 2035 1951 Puniques
2056 1887 2086 1950 p.
2105 1867 2145 1948 t)

518 1980 663 2064 Libycos
683 2000 709 2042 s.
733 1975 893 2040 africanas
915 1997 970 2040 eas
992 1973 1202 2062 appellarunt.
1254 1973 1358 2038 Multo
1380 1978 1484 2062 magis
1508 1997 1624 2041 ornnes
1646 1977 1686 2040 de
1709 1975 1805 2042 buius
1827 1978 2026 2044 litteraturae
2046 1979 2144 2042 ratio·

520 2094 616 2176 nibus
636 2089 828 2175 indagandis
852 2089 1060 2173 desperarunt
1081 2091 1128 2170 ¹⁸),
1161 2109 1340 2174 quanquam
1363 2087 1425 2152 boc
1447 2085 1588 2174 plerique
1611 2103 1697 2153 recte
1719 2089 1960 2169 intellexerunt,
1982 2094 2146 2178 utriusque

519 2205 738 2290 inscriptionis
769 2201 903 2265 eandem
927 2222 999 2266 esse
1021 2202 1211 2264 sententiam
1234 2214 1266 2263 et
1287 2199 1410 2266 litteras
1432 2205 1561 2286 ignotas
1584 2201 1773 2267 Punicarum
1797 2207 1899 2269 instar
1920 2207 1960 2270 ad
1983 2207 2146 2270 sinistram

522 2317 705 2404 procedere.
743 2313 840 2378 llecto
855 2315 940 2377 enim
955 2313 1160 2376 Hamalrerus
1174 2311 1197 2378 l.
1215 2335 1242 2376 c.
1260 2311 1464 2400 „Utrumque
1481 2335 1522 2378 ex
1538 2316 1642 2401 quarti
1659 2330 1692 2379 et
1707 2319 1807 2402 quinti
1822 2339 1934 2384 versus
1948 2319 2146 2404 inspectione

521 2447 554 2496 et
582 2451 654 2494 cnm
686 2428 814 2492 Punicis
844 2423 951 2490 serbis
979 2429 1219 2512 comparatione
1247 2427 1409 2490 discimus.
1463 2424 1547 2491 Nam
1569 2447 1680 2491 versus
1701 2443 1830 2514 quartus
1853 2445 1885 2494 ιι
1906 2433 1939 2494 io
1963 2431 2092 2495 Punicis
2114 2443 2147 2492 et

521 2551 555 2610 in
586 2541 791 2608 Celtibericis
814 2538 869 2622 (l)
903 2559 922 2601 a
951 2537 1064 2602 dextra
1092 2559 1284 2624 progressus
1314 2540 1348 2602 in
1377 2539 1484 2603 madio
1507 2539 1672 2620 subsistit,
1710 2555 1744 2605 et
1771 2545 1840 2627 pari
1870 2543 1938 2608 iere
1967 2542 2144 2607 litterarum

521 2677 655 2723 numero
675 2651 861 2717 absolvitur.
907 2651 1076 2715 Praeterea
1098 2651 1241 2716 eiusdem
1264 2671 1376 2716 versus
1398 2665 1430 2715 et
1452 2653 1552 2738 quinti
1574 2649 1685 2716 ultima
1699 2675 1769 2719 vox.
1782 2656 1893 2720 eadem
1910 2653 2004 2741 plane
2020 2657 2146 2720 ratione

521 2770 688 2844 scribitur,
726 2787 798 2830 cum
825 2766 858 2826 in
891 2763 1022 2828 Punicis
1051 2761 1207 2828 vocabula
1236 2762 1277 2828 ab
1300 2785 1365 2827 una
1387 2765 1563 2850 eademque
1584 2766 1692 2830 radice
1712 2769 1848 2854 repetita
1869 2769 1999 2833 eosdem
2020 2788 2149 2853 quoque

520 2905 635 2948 versus
663 2877 854 2943 claudant.“
897 2875 961 2940 Sed
991 2874 1120 2962 longius
1148 2879 1243 2940 etiam
1266 2877 1440 2962 procedere
1463 2875 1592 2957 licebit,
1623 2879 1720 2966 idque
1741 2881 1852 2944 eadem
1871 2879 1929 2944 illa
1949 2883 2020 2958 via,
2052 2901 2147 2966 quarn

521 2993 728 3080 Hamalrorus
759 2992 822 3051 iam
854 2988 1097 3072 ingrediendam
1129 2987 1276 3073 putabat,
1313 3003 1348 3051 ut
1370 3012 1388 3052 a
1412 2989 1595 3054 nominibus
1617 2995 1755 3078 propriis
1777 3007 1809 3057 et
1829 2991 1909 3058 locis
1932 2993 1982 3059 bis
2004 2996 2148 3080 repetitis

521 3111 648 3172 initium
671 3104 838 3166 iaciamus.
882 3097 966 3164 Anto
989 3119 1065 3164 vero
1089 3121 1182 3186 quam
1208 3104 1311 3186 ipsum
1326 3100 1387 3166 boc
1402 3101 1580 3168 litterarum
1598 3103 1830 3194 verborumque
1846 3120 2032 3192 potestatem
2049 3109 2148 3171 extri-

489 3295 495 3302 „
524 3221 619 3286 candi
641 3217 804 3301 negotium
827 3212 1038 3298 ing'redimur,
1065 3213 1104 3276 de
1127 3215 1225 3276 variis
1247 3212 1407 3299 exemplis
1425 3214 1565 3304 breuiter
1580 3217 1748 3284 dicendum
1764 3235 1821 3285 est.
1865 3218 2012 3306 Namque
2027 3222 2068 3285 ad
2084 3221 2147 3286 dno

522 3333 687 3419 Borgiana
709 3341 740 3390 et
763 3321 989 3410 Templianum
1011 3325 1044 3387 in
1068 3323 1127 3388 bac
1149 3327 1370 3411 inscriptionis
1398 3340 1488 3412 parte
1519 3329 1642 3393 accedit
1664 3344 1810 3415 quartum
1831 3331 2014 3420 exemplum
2037 3337 2146 3398 nescio

523 3449 615 3511 cuius
638 3439 760 3506 Osonii
782 3449 982 3502 asservatum
1010 3437 1071 3518 (dc
1094 3457 1157 3522 qno
1181 3437 1253 3500 vide
1276 3441 1316 3502 ad
1340 3459 1390 3505 no.
1412 3441 1490 3524 55),
1520 3439 1668 3506 mutilum
1690 3447 1817 3530 quidem
1838 3443 1920 3512 illud
1942 3451 1964 3512 i.
1983 3467 2012 3509 e.
2036 3462 2147 3532 quarto

524 3579 618 3622 versu
655 3573 787 3630 carens,
823 3550 879 3614 sed
919 3562 1023 3612 tamen
1062 3570 1126 3612 non
1164 3553 1450 3630 contemnendum,
1491 3575 1587 3639 quum
1614 3553 1724 3639 plnres
1752 3554 1876 3622 litteras
1908 3545 2025 3624 babeat
2051 3558 2147 3646 plene

506 3671 676 3754 scriptas,
710 3665 765 3729 ubi
788 3661 911 3748 reliqua
934 3657 1083 3746 exempla
1105 3659 1157 3724 vel
1177 3661 1310 3729 laconas
1332 3662 1384 3728 vel
1406 3687 1511 3730 meras
1532 3665 1711 3734 litterarum
1733 3668 1885 3757 reliquias
1906 3671 2054 3736 offerunt.
2097 3671 2147 3736 Ae

523 3785 588 3848 duo
609 3779 772 3862 Borgiana
793 3769 943 3858 cxcrnpla
965 3793 1029 3837 non
1052 3772 1186 3838 multum
1208 3776 1292 3838 inter
1313 3797 1349 3840 se
1371 3777 1542 3860 differunt,
1574 3782 1637 3844 nisi
1659 3784 1744 3868 quod
1764 3780 1819 3847 lio.
1840 3789 1860 3849 3
1880 3782 1976 3848 litat
1998 3784 2039 3871 (o
2059 3785 2145 3871 fine)

524 3896 622 3981 Borg.
640 3891 762 3958 Humb.
785 3888 882 3954 babet
915 3889 965 3990 Η
995 3906 1052 3970 pro
1073 3884 1113 3990 ΙΙ
1142 3891 1273 3971 (contra
1295 3890 1356 3952 trie
1378 3887 1538 3976 reliqua),
1566 3889 1660 3957 lin.4
1679 3897 1722 3983 0
1745 3894 1828 3960 mulo
1843 3917 1899 3982 pro
1916 3898 1934 3982 (
1954 3901 1997 3988 0
2019 3943 2030 3978 ,
2053 3897 2147 3968 tter

523 4015 619 4079 litt.3
643 4008 768 4094 (alins)
785 4020 1091 4074 contrarects=·
1125 4006 1210 4088 (com
1226 4003 1539 4092 TemplotOxon.)
1556 4015 1957 4101 pro=omissopuncto.
2002 4015 2147 4104 Utroque

524 4131 558 4192 in
574 4128 760 4189 uniuersum
782 4135 920 4205 praestat
936 4117 1183 4205 Templianusn,
1207 4141 1279 4182 cum
1296 4141 1359 4204 qno
1375 4141 1470 4205 saepe
1484 4125 1632 4208 congruit
1650 4121 1849 4192 Osoniense.
1892 4127 1965 4196 Hoc
1977 4131 2075 4216 igitur
2089 4153 2147 4216 pro

522 4239 730 4304 fundamento
746 4235 910 4320 posuimus
925 4233 1061 4328 subinde
1076 4252 1117 4296 ex
1132 4229 1263 4318 reliquis
1279 4234 1525 4298 emendandum.
1562 4233 1839 4312 Quemadmodum
1854 4255 1961 4305 antem
1977 4239 2147 4328 'l'emplins

523 4357 558 4418 in
587 4350 717 4414 Punicis
746 4343 917 4410 nonnullas
945 4343 1068 4408 litteras
1098 4357 1281 4408 constanter
1310 4359 1343 4410 ιι
1373 4344 1561 4433 ubicunque
1582 4352 1783 4434 reperiuntur
1812 4351 1905 4419 aliter
1929 4357 2031 4442 pingit
2053 4371 2148 4443 atque

525 4471 663 4556 Borgia.
685 4467 732 4528 ita
753 4467 848 4527 etiarn
867 4467 900 4527 in
916 4461 1064 4546 Libycis:
1088 4478 1174 4526 certe
1197 4460 1305 4526 littera
1340 4459 1378 4554 5(
1416 4463 1556 4552 Bnrgiae
1584 4467 1667 4554 apud
1690 4467 1872 4557 'l'emplium
1896 4491 2078 4545 conuanrer
2099 4493 2149 4544 ρει

540 4591 609 4678 Χ,
645 4583 740 4682 ->-
781 4580 923 4668 Templii
944 4583 978 4645 in
1000 4578 1182 4645 Osoniensi
1218 4575 1275 4660 ᾖ.
1988 4574 1995 4578 -

512 4781 518 4794 .
637 4738 700 4804 His
715 4736 922 4822 praemunitis
935 4735 1069 4799 eandem
1085 4736 1171 4797 viam
1185 4735 1336 4820 ingressi,
1359 4755 1439 4822 qnae
1452 4735 1697 4821 Alrerbladinm,
1713 4740 1895 4828 Yonngium
1912 4760 1943 4810 ιι
1957 4748 1996 4810 de
2009 4748 2149 4834 Sacyum

577 4990 606 5058 ιι)
623 4990 791 5042 Hamakerus
816 4989 834 5039 l.
854 5003 877 5040 a.
903 4989 978 5052 Quor
996 4987 1019 5036 si
1036 4985 1116 5048 arogis
1135 4986 1248 5049 integrae
1268 4984 1303 5034 ad
1370 4997 1531 5054 suppeteret,
1552 4985 1669 5051 soneod
1682 4991 1792 5056 aliquam
1807 4993 1880 5042 etium
1894 4993 1983 5047 borum
1997 5001 2148 5072 litterarum,

528 5098 636 5140 nostram
654 5089 820 5154 peruenissent
842 5093 966 5149 anatem,
989 5091 1033 5132 out
1050 5084 1072 5132 si
1090 5099 1121 5130 eo
1139 5099 1200 5148 pars
1214 5085 1302 5133 relterrs
1371 5101 1476 5150 quonam
1494 5085 1622 5152 laurusque
1639 5071 1770 5148 ignorato}
1785 5097 1913 5155 potestas,
1936 5098 2065 5150 acasium
2089 5119 2148 5168 Per·

527 5194 629 5236 seruato
658 5179 767 5246 suisset,
807 5184 832 5231 irs
860 5197 911 5250 quo
938 5181 1038 5230 rscrnirro
1067 5195 1173 5245 proprus
1199 5181 1302 5229 Punicis
1371 5197 1455 5231 uenire
1473 5198 1610 5248 possemus.
1646 5183 1736 5232 Nune
1763 5195 1869 5238 ostem
1897 5191 2015 5245 idoneo
2042 5199 2145 5252 oddus

528 5281 704 5348 respondeatis
721 5279 900 5341 occurrebant,
927 5277 1062 5344 imprimis,
1087 5277 1110 5324 si
1126 5277 1216 5325 certior
1233 5277 1302 5327 nobis
1366 5273 1589 5340 fundamento
1610 5296 1770 5348 curemus,
1789 5286 1843 5334 eui
1861 5289 2020 5342 eiusmodi
2039 5311 2145 5363 super-

528 5383 645 5443 lirguoe,
679 5375 714 5424 od
734 5392 808 5444 quum
829 5377 878 5425 isto
895 5374 1022 5440 inscriptio
1044 5373 1166 5438 pertinet,
1195 5374 1301 5435 cognitio
1371 5383 1526 5426 struatur
1549 5376 1759 5447 disquisitio.
