4938 6302
473 601 548 676 374
591 617 595 628 '
625 593 757 664 LIBER
778 591 1001 674 QUARTUS.
1045 591 1107 660 llll
1127 589 1300 658 LlNGUA
1321 588 1576 660 PnoanctA.
1622 588 1770 658 CAPUT
1792 587 2010 658 TERTIUM.

472 809 538 856 non
574 799 679 874 potest
715 804 781 849 nou
816 783 953 848 Poenae
987 782 1144 868 orationis
1178 780 1339 866 duplice:
1373 780 1534 868 quendum
1570 777 1691 846 Monte
1727 776 1955 866 significare..
1988 785 2020 846 2.
2056 779 2094 846 ln

472 900 681 986 Palimpsesto
708 893 947 962 Mediolanensi
976 897 1079 962 oratio
1108 893 1233 978 Libyca
1261 915 1326 960 non
1353 895 1386 958 in
1416 911 1497 972 sex,
1534 894 1593 958 red
1620 895 1656 958 iu
1684 891 1794 974 decess
1823 913 1938 960 versus
1971 895 2096 980 digeret

471 1033 538 1094 est,
566 1029 602 1080 ut
622 1013 732 1077 decem
754 1007 866 1074 Punici
887 1027 1001 1072 versus
1024 1008 1157 1072 totidem
1174 1003 1306 1093 Libyeis
1327 1006 1533 1092 rupoudisse
1549 1005 1727 1072 videantur.
1771 1004 1839 1088 Qui
1856 1027 1955 1093 quusu
1966 1005 2096 1072 Punicis

473 1130 639 1196 breviores
668 1135 794 1199 esseut,
829 1123 864 1184 in
891 1141 951 1184 aex
980 1117 1083 1184 baean
1115 1120 1191 1185 dein
1227 1121 1384 1186 contracti
1418 1134 1503 1184 sunt.
1567 1123 1597 1184 ³.
1633 1117 1724 1184 lderu
1754 1120 1817 1184 iste
1844 1117 2097 1186 Mediolanensi·

471 1242 609 1307 Punicos
631 1257 743 1300 versus
764 1231 863 1320 plene
885 1235 1035 1298 omisisse
1057 1247 1089 1297 et
1111 1235 1241 1298 nonnisi
1262 1232 1403 1316 Libycos
1425 1229 1577 1296 babuisse
1599 1232 1738 1297 videtur:
1761 1253 1944 1320 quanquam
1957 1235 1993 1298 iu
2008 1247 2095 1296 unte

472 1353 675 1419 Maieneruut
697 1345 959 1412 observationum
982 1345 1140 1410 brevitate
1161 1366 1202 1409 ea
1223 1346 1263 1410 de
1285 1367 1321 1409 re
1343 1343 1425 1408 nihil
1446 1341 1617 1422 definiam,
1635 1324 1756 1410 ¹donee
1777 1347 1918 1409 eximius
1940 1344 1994 1410 bie
2013 1342 2096 1410 liber

472 1470 578 1532 denuo
607 1463 658 1528 bis
688 1463 722 1524 iu
750 1457 831 1524 loeis
860 1461 1064 1524 examinetur
1091 1457 1196 1522 luerit.
1238 1467 1272 1522 4.
1302 1453 1523 1536 Quibusdam,
1555 1471 1591 1522 nt
1612 1455 1840 1534 Bellersuunuo
1871 1457 1936 1538 (ll,
1960 1482 1991 1546 p.
2012 1457 2095 1544 44),

471 1602 535 1644 nou
565 1572 720 1642 credibile
752 1575 818 1637 into
846 1572 1003 1638 absonum
1034 1573 1137 1636 visuro
1166 1585 1232 1652 est,
1264 1592 1320 1650 ee,
1350 1591 1432 1658 quae
1454 1571 1549 1638 modo
1570 1569 1693 1636 Punico
1714 1591 1864 1638 sermone
1887 1571 1972 1639 dictu
1993 1585 2096 1650 erent,

471 1693 545 1758 dein
561 1689 704 1772 Libyco,
727 1708 804 1751 mox
818 1687 948 1750 tertium
960 1685 1078 1750 Lutino
1095 1705 1243 1750 sermone
1259 1685 1378 1769 repeti3
1403 1683 1494 1748 onius
1513 1683 1642 1770 quidem
1655 1685 1705 1748 rei
1716 1685 1835 1752 idonee
1856 1686 1939 1753 ratio
1963 1687 2098 1774 eogitari

475 1818 592 1892 potest.
638 1799 776 1864 Videtur
798 1799 885 1862 enim
908 1795 960 1862 sel
982 1801 1051 1884 ipse
1070 1805 1165 1883 poete
1186 1794 1237 1859 vel
1260 1798 1440 1884 quicunque
1462 1793 1605 1863 subulam
1633 1817 1750 1862 scenae
1772 1795 1951 1866 rationibus
1974 1819 2098 1864 eonon·
2124 1861 2132 1872 ,

474 1917 615 1982 moderic
644 1911 706 1976 boe
735 1913 912 1990 canticum,
949 1913 982 1974 in
1013 1931 1076 1995 quo
1107 1911 1202 1996 patrii
1231 1912 1391 1976 sermonis
1428 1930 1505 1974 usus
1535 1911 1721 1996 aptissimus
1754 1909 1944 1990 videbatur,
1980 1907 2099 1998 duplici

471 2029 603 2094 Alricae
618 2019 754 2090 dialecto
769 2023 914 2103 dedisse,
937 2037 971 2088 ut
986 2035 1129 2100 setores,
1152 2035 1245 2108 prout
1272 2020 1366 2086 buius
1388 2017 1518 2088 illiusve
1540 2025 1711 2108 peritiores
1732 2037 1859 2102 essent,
1883 2040 1939 2088 eut
1961 2024 2097 2092 bossut

474 2139 548 2206 illos
571 2159 683 2203 versus
702 2139 887 2202 recitarent:
910 2138 940 2200 si
957 2147 1087 2200 neutros
1102 2135 1184 2202 bene
1200 2137 1415 2222 pronunciare
1431 2133 1615 2202 viderentur
1636 2135 1742 2222 (quod
1760 2137 1831 2228 sine
1845 2133 1955 2222 eliqua
1967 2135 2097 2224 linguon

473 2252 703 2318 exucimdone
725 2245 797 2313 lieri
815 2270 880 2313 nou
896 2250 1057 2334 poteret),
1079 2246 1189 2314 latinis
1206 2247 1353 2312 versibus
1369 2259 1546 2312 uterentur.
1588 2253 1619 2314 5.
1642 2245 1734 2326 Ques
1745 2249 1786 2314 de
1799 2247 1940 2314 Puniceo
1952 2264 1986 2314 et
2000 2247 2098 2332 Libr-

474 2385 532 2430 oee
561 2365 700 2448 (rectius
722 2343 1020 2448 Libyphoenieiee)
1054 2363 1211 2426 orationis
1243 2380 1404 2426 consensu
1436 2356 1617 2426 Booburtus
1640 2360 1811 2442 observet,
1849 2383 1934 2430 nuuc
1955 2375 2027 2450 post
2048 2383 2099 2442 ee,

475 2495 555 2564 quoe
587 2477 627 2542 de
655 2474 913 2560 Libyphoenicie
941 2471 1127 2562 Tuggentis
1154 2471 1238 2538 tituli
1266 2486 1354 2560 {mle
1383 2474 1618 2560 disputavimus
1651 2471 1729 2558 (lib.
1751 2481 1771 2538 2
1794 2495 1847 2540 no.
1870 2467 1952 2560 56),
1991 2471 2099 2562 psallo

476 2592 656 2654 eocurutius
679 2585 807 2654 definiri
828 2601 974 2676 possunt.
1018 2585 1102 2652 Nero
1121 2583 1183 2650 boc
1199 2605 1326 2674 quoque
1341 2583 1618 2672 Libyphoeniciue
1634 2582 1766 2674 linguae
1787 2590 1963 2674 specimine
1983 2585 2101 2654 coufir-

475 2704 556 2766 msri
587 2701 730 2780 videtur,
768 2701 862 2787 quod·
882 2721 981 2788 supro
1011 2699 1272 2800 observavimus,
1309 2718 1380 2762 enm
1411 2695 1554 2784 linguent
1577 2697 1716 2764 Punicae
1737 2697 1868 2788 linguae
1889 2697 2046 2798 vocabula
2068 2713 2100 2768 et

366 2819 370 2828 '
475 2813 600 2880 radices
622 2811 708 2878 baud
730 2833 871 2900 peuces,
901 2810 978 2876 licet
998 2815 1088 2876 vario
1110 2812 1206 2876 modo
1228 2823 1411 2896 corruptos,
1444 2812 1638 2910 recepisset!
1659 2832 1722 2898 que
1744 2812 1790 2878 tle
1805 2833 1841 2878 re
1862 2815 1980 2880 certius
2001 2815 2098 2880 etiarn

475 2939 508 2992 et
536 2929 715 2992 accuratius
742 2925 886 2988 iudicare
915 2944 1102 3008 possemus,
1146 2925 1176 2988 si
1207 2919 1463 2988 Mediolaueusie
1497 2923 1618 2990 codicis
1652 2925 1810 3012 scriptura
1843 2929 1946 3016 retegis
1973 2929 2100 3014 integra

475 3053 670 3126 superesset.
714 3034 779 3100 Vel
808 3039 856 3102 sic
882 3050 990 3100 tumen
1019 3033 1120 3100 multo
1149 3033 1259 3123 plura,
1296 3055 1393 3121 quarn
1414 3031 1594 3102 Bocbartus
1615 3039 1714 3118 vidit,
1745 3039 1780 3104 in
1805 3061 1954 3108 sermone
1975 3039 2100 3124 Libyco

380 3147 387 3158 '
475 3165 567 3232 suut,
598 3171 680 3237 quae
702 3170 775 3214 curn
795 3147 927 3214 Punicis
949 3163 1144 3236 congruant,
1173 3151 1218 3214 itu
1239 3161 1275 3212 ut
1295 3147 1490 3231 Libycoruru
1512 3149 1673 3238 integrunt
1694 3151 1763 3218 lere
1784 3165 1929 3220 tenorent
1952 3155 2044 3240 sequi
2066 3167 2099 3220 ot

477 3275 656 3328 monstrere
678 3264 849 3348 possimus.
893 3259 1038 3326 Mexiute
1060 3265 1250 3350 conspicuus
1266 3284 1462 3344 cousensus,
1493 3283 1589 3350 quem
1608 3267 1674 3332 isut
1694 3263 1876 3334 Boeburtus
1898 3267 2098 3348 observavit,

475 3389 524 3442 est
545 3378 578 3440 io
602 3373 699 3440 Vers.
725 3381 740 3438 1
765 3373 839 3440 coll.
863 3375 975 3460 Libye.
1000 3397 1029 3438 v.
1048 3384 1106 3455 ll,
1136 3379 1309 3464 praecipue
1331 3381 1365 3444 in
1387 3373 1641 3442 Mediolanensi:

684 3503 766 3570 l'uu.
852 3503 919 3572 Yet
940 3508 1060 3574 dorin
1082 3505 1240 3572 colosstlt
1260 3505 1424 3572 otomatis·
1447 3513 1480 3572 ss·
1499 3525 1621 3572 uooosr
1641 3506 1716 3590 epil

690 3614 823 3682 Mediol.
852 3615 920 3684 Yll
941 3621 1062 3684 alesin
1084 3618 1255 3686 colondelle
1276 3619 1439 3686 morathi
1457 3617 1576 3704 istbytu
1600 3617 1732 3703 biotnby
1755 3639 1875 3686 uacent
1896 3621 1973 3704 syth

691 3727 783 3794 Rom.
848 3729 909 3796 Ex
930 3733 1052 3800 aselist
1076 3734 1212 3798 oolam
1233 3732 1471 3798 uoesrrotlist
1490 3733 1547 3798 isti
1570 3731 1690 3798 meltira
1714 3753 1836 3798 must
1858 3754 1938 3800 esse.

518 3665 634 3752 Libye.

604 3871 700 3938 Vero.
723 3876 754 3934 2.
798 3869 879 3938 l’un.
924 3869 1023 3956 θήῃ
1045 3872 1182 3940 laccius

610 4032 725 4116 Libye·
779 3981 913 4050 Mediol.
935 3982 1061 4068 Cyrub
1072 4033 1185 4050 ......
1193 4097 1196 4102 ,

778 4094 871 4160 llum.
936 4095 1171 4164 Concubitum
1193 4111 1254 4162 eet.

606 4227 702 4292 Vere.
725 4235 756 4291 4.
803 4227 1002 4291 ..falesto

649 4339 760 4424 Libye.
873 4337 993 4403 elonirn
1016 4337 1170 4424 (Mediol.
1194 4359 1223 4402 v.
1242 4341 1296 4423 3).

605 4469 702 4535 Vers.
726 4473 756 4534 b.
799 4469 828 4533 lt'
847 4467 958 4534 velccl
979 4467 1260 4534 Aats'dostosclott

647 4581 759 4667 Libye.
797 4583 847 4644 iec
870 4579 942 4645 silic
973 4578 1079 4667 (leget
1100 4577 1151 4645 lec
1172 4578 1269 4660 vilic)
1390 4579 1611 4652 Atiduteacon.

603 4711 700 4778 Vera.
723 4718 752 4776 6.
802 4709 848 4775 Ys
869 4709 924 4776 st'd
943 4707 1067 4774 dobrs'sr
1090 4707 1255 4795 ilpfedptl

624 4875 740 4960 Libyn·
749 4833 770 5028 p
796 4819 889 4887 llom.
911 4819 1030 4888 eletniu
1052 4821 1154 4889 duber
1175 4799 1253 4888 telel

796 4939 933 5014 Mediol.
954 4941 997 5010 sl.
1019 4963 1093 5008 utue
1115 4941 1217 5008 duber
1238 4941 1337 5042 tedet¹

603 5073 701 5142 Vens.
724 5077 757 5142 7.
806 5074 872 5142 Utl
894 5074 994 5142 bs‘ttisr
1014 5045 1052 5160 ps
1073 5071 1186 5140 diduri
1207 5071 1289 5140 diss
1309 5083 1429 5140 oestro
1447 5075 1687 5161 Agorastocles

623 5237 737 5322 Libye·
787 5187 888 5271 llorn.
909 5203 943 5256 st
964 5189 1051 5255 enim
1071 5207 1150 5254 evoe
1171 5177 1273 5252 dub'er
1292 5185 1372 5252 bsnt
1390 5186 1435 5272 by
1456 5185 1707 5256 Acbaristoelesn

799 5298 934 5371 Mediol.
955 5300 1088 5366 eltanim
1108 5319 1187 5368 aros
1208 5297 1410 5366 duberitben
1433 5299 1500 5368 bun
1519 5299 1766 5369 Acharistoletu.
