5022 6290
366 767 370 792 1
514 665 592 746 468
1107 653 1549 737 111111111111111111.

518 854 554 920 st
578 851 688 920 ludaei
710 867 825 916 nomen
847 845 946 913 luerit
964 863 1009 912 ex
1029 841 1137 912 licerii
1161 850 1200 915 de
1221 847 1273 914 his
1295 850 1509 913 monumentis
1535 849 1694 914 sententia
1721 847 1775 936 (p.
1799 851 1899 932 231),
1928 863 1978 918 nu
1999 846 2039 912 de
2059 849 2133 935 ipsu

518 984 642 1034 1111111110
663 963 734 1030 Deo
755 960 895 1049 intelligi
916 961 1028 1046 poenit.
1196 1022 1204 1038 ,

643 1075 720 1162 Peg.
746 1079 818 1142 247.
861 1069 1573 1158 13111111111111111Μουκίαν-3119111111
1601 1095 1632 1136 1.
1655 1095 1751 1160 snpra
1774 1095 1847 1161 pag.
1866 1077 1941 1140 432.

637 1180 722 1276 ¹Peg.
739 1193 812 1254 27⁵.
857 1186 908 1252 De
930 1205 1028 1250 numo
1048 1183 1169 1269 (arao.
1183 1185 1286 1252 Carne
1300 1187 1369 1275 D),
1392 1209 1487 1276 quem
1509 1207 1581 1253 curu
1596 1183 1723 1271 Bayero
1741 1187 1872 1252 Curuae
1892 1185 2010 1268 tribui,
2032 1203 2135 1270 nuper

517 1300 673 1369 nonnulla
686 1301 871 1367 observavit
882 1295 984 1366 Ferd.
1001 1295 1173 1383 Benurym
1190 1299 1321 1384 (Annal.
1338 1305 1408 1368 orit.
1424 1299 1529 1366 llerol.
1544 1297 1568 1362 l.
1586 1299 1650 1384 c),
1673 1299 1714 1363 de
1727 1298 1842 1386 quibus
1855 1299 1976 1364 reterre
1991 1315 2139 1384 quaeque

518 1419 628 1503 paucis
651 1417 837 1479 examinare
859 1427 1001 1478 nostrum
1027 1425 1099 1490 est,
1136 1417 1321 1496 praesertim
1348 1435 1444 1501 quum
1471 1433 1568 1498 supra
1592 1413 1625 1476 in
1650 1411 1712 1476 hoc
1733 1433 1831 1478 numo
1859 1411 2026 1478 tractando
2049 1413 2136 1473 iusto

518 1529 682 1596 breviores
698 1527 864 1592 fuerimus.
907 1523 939 1588 la
955 1527 1040 1587 enirn
1055 1523 1285 1612 Lindberginm
1302 1527 1369 1592 iere
1390 1539 1518 1592 secutus
1541 1527 1589 1611 (p.
1606 1529 1667 1610 34)
1691 1523 1883 1612 epigraphen
1905 1521 2000 1610 legit:
2021 1521 2057 1589 ’2
2071 1539 2134 1607 unp

516 1639 631 1730 ΙΙΙΙ-
651 1638 731 1705 HN
737 1637 777 1704 N
793 1653 844 1705 1111
862 1655 905 1710 aa
926 1657 1027 1708 curus
1048 1639 1201 1723 (copiae)
1229 1637 1326 1723 Tyri,
1349 1637 1503 1718 Aradus,
1526 1643 1681 1718 1111111174,
1713 1655 1907 1723 nuruumque
1921 1635 2049 1714 Arado,
2070 1651 2134 1700 uon

420 1795 422 1800 -
519 1751 656 1832 Curuae,
679 1753 842 1816 vindicare
857 1747 942 1815 vult:
965 1751 1004 1814 de
1021 1771 1083 1836 qua
1097 1749 1359 1836 interpretatione
1374 1751 1452 1816 mihi
1467 1754 1512 1815 itu
1529 1751 1735 1816 iudicandum
1750 1751 1886 1814 videtur.
1928 1745 2013 1814 Ante
2028 1749 2136 1812 omnin

520 1869 551 1951 1)
574 1885 645 1931 curu
667 1861 785 1948 Beyeri
801 1861 952 1949 exemplo
982 1864 1228 1948 comparandum
1254 1875 1323 1929 erat
1353 1864 1533 1929 Parisiense
1555 1864 1639 1949 apud
1662 1861 1863 1928 Mionnetum
1886 1857 1928 1929 Τ.
1948 1859 1993 1926 V.
2017 1881 2046 1946 p.
2059 1864 2137 1951 ,1717

519 1965 657 2044 1111888
681 1973 763 2060 (tab.
781 1981 840 2052 25,
864 1996 915 2039 uo.
935 1975 1016 2058 88),
1044 1975 1128 2060 quod
1150 1975 1286 2039 eandem
1309 1975 1506 2064 epigraphen
1524 1975 1621 2040 hahet
1631 1995 1765 2060 eantque
1778 1976 1881 2060 magis
1897 1977 2074 2060 integram,
2102 1985 2136 2035 et

518 2111 583 2156 uno
604 2103 726 2154 tanturn
746 2107 832 2152 nuno
850 2097 925 2174 post
942 2083 1024 2152 illud
1045 2107 1155 2151 oneum
1178 2101 1244 2167 est,
1272 2101 1307 2153 nt
1324 2099 1479 2154 monstrat
1491 2091 1566 2152 anui
1581 2089 1701 2152 notatio
1719 2083 1780 2174 ΙΙΙΙ
1792 2119 1835 2138 -
1851 2085 1932 2152 NN
1936 2085 1976 2151 N
1992 2104 2042 2154 1111
2064 2087 2088 2148 i.
2103 2104 2133 2149 e.

519 2223 604 2268 onae
617 2205 674 2268 731
702 2219 745 2266 ax
764 2220 827 2286 qua
848 2211 1015 2286 praetereo
1036 2196 1155 2287 colligo
1178 2199 1243 2284 (ol.
1264 2221 1296 2285 p.
1319 2201 1400 2288 87),
1430 2204 1527 2266 etiam
1548 2202 1631 2286 apud
1649 2197 1808 2283 Bayaruru
1823 2221 1882 2286 pro
1904 2199 1944 2266 Η
1961 2199 2134 2286 legendum

518 2357 589 2402 eune
606 2333 656 2412 N,
684 2335 820 2400 fumasse
851 2309 904 2453 Ν
931 2335 1103 2420 scriptum,
1133 2347 1169 2400 ut
1184 2355 1282 2420 saepe
1296 2337 1346 2400 No
1359 2337 1444 2424 apud
1461 2333 1613 2401 Graecae.
1655 2331 1754 2422 Atqui
1774 2335 1806 2418 2)
1830 2335 1863 2398 iu
1882 2334 1944 2400 hoc
1960 2333 2133 2399 Parisicnai

518 2473 663 2558 superior
679 2467 736 2535 illa
752 2467 925 2556 epigraphe
939 2465 1063 2553 plenius
1085 2451 1203 2556 legitur¹
1217 2487 1265 2543 nu
1279 2489 1344 2559 pap
1368 2473 1428 2556 (ad
1444 2488 1492 2543 a!
1510 2473 1554 2534 ita
1568 2465 1702 2558 ligatum
1721 2470 1762 2535 cl.
1783 2491 1868 2534 uum.
1884 2466 1962 2554 Tyr.
1976 2465 2044 2555 Ε),
2072 2488 2135 2556 qua
2277 2564 2279 2568 .

518 2581 635 2650 collata
659 2585 713 2648 vix
736 2579 875 2646 dubitari
897 2593 1019 2665 potest,
1048 2583 1124 2666 quin
1148 2582 1233 2666 apud
1257 2579 1417 2668 Bayerum
1439 2587 1543 2671 quarti
1556 2585 1642 2670 signi
1657 2585 1787 2648 sinistra
1803 2605 1875 2670 pars
1888 2583 2025 2667 perierit.
2067 2577 2133 2642 Sed

517 2697 551 2781 3)
573 2694 697 2760 litterae
719 2711 763 2763 aa
793 2693 834 2758 ad
858 2693 1020 2758 sinistrum
1046 2693 1136 2758 nurui
1155 2707 1277 2780 partem
1302 2715 1477 2760 conversae
1499 2715 1599 2782 aeque
1628 2697 1720 2780 (cum
1743 2693 1962 2780 Lindhergio)
1995 2691 2134 2758 Aeaee

518 2807 641 2902 (up-ptr)
672 2804 827 2893 explicari
846 2817 978 2890 possunt
1000 2825 1104 2891 nequo
1127 2827 1200 2872 oum
1220 2809 1385 2893 superiore
1405 2805 1463 2872 illa
1482 2807 1657 2894 epigraphe
1677 2805 1820 2894 copulari
1842 2809 2021 2893 (nunquam
2044 2807 2133 2869 enim

517 2918 727 3008 epigraphen,
759 2935 841 3003 qnae
863 2917 1007 2981 diversas
1021 2919 1221 2983 numismatis
1233 2933 1342 3004 partes
1357 2935 1535 3006 occupant,
1558 2921 1708 3007 deinceps
1721 2919 1870 3007 leguntur
1885 2939 2045 3004 unamque
2059 2939 2134 2983 seu·
2183 2993 2188 3012 ¹

516 3037 647 3100 tentiam
663 3031 840 3114 efficiunt);
862 3043 985 3108 contra,
997 3043 1042 3092 ‘nt
1058 3031 1092 3093 ln
1107 3028 1368 3098 Marathensibus
1388 3033 1401 3114 l
1408 3055 1439 3120 p.
1454 3033 1554 3116 273),
1578 3031 1700 3098 Ciliciis
1714 3033 1774 3120 (A.
1788 3029 1857 3118 Β),
1877 3029 2132 3098 Cossuranaihuo

517 3143 689 3230 (21.8)
712 3146 838 3207 tertiam
862 3141 1021 3228 quandam
1045 3142 1241 3228 epigraphen
1262 3147 1475 3225 constituunt,
1506 3167 1588 3232 quae
1607 3148 1642 3212 in
1662 3148 1763 3211 variis
1785 3144 1942 3231 exemplis
1956 3147 2131 3210 variaesre

516 3257 599 3326 nolet
619 3272 651 3321 et
662 3256 801 3322 sommae
814 3272 872 3341 per
887 3254 1110 3340 compendium
1123 3253 1214 3322 urbis
1229 3257 1434 3344 magistratus
1449 3259 1579 3324 iudicat.
1616 3257 1727 3344 ltaque
1743 3275 1791 3330 nu
1806 3276 1867 3350 pnp
1886 3261 2017 3324 omniuo
2031 3259 2129 3345 (quod
2182 3257 2186 3282 ³

514 3368 571 3434 rel
594 3368 684 3434 locus
706 3368 755 3433 his
776 3367 883 3432 verbis
904 3369 1086 3453 assignatus
1102 3368 1235 3453 suadet)
1256 3371 1362 3454 iprum
1379 3370 1468 3434 urhis
1482 3391 1598 3436 nornen
1612 3373 1757 3436 indicere
1772 3375 1896 3438 videtur
1916 3373 1937 3438 i.
1954 3393 1982 3439 e.
2005 3374 2060 3456 (ut
2072 3375 2129 3439 vix

516 3480 650 3566 dubito)
675 3479 815 3558 Cornea,
843 3478 886 3542 ud
907 3481 997 3544 cuius
1013 3499 1130 3543 nomeu
1144 3501 1203 3566 pro
1219 3499 1308 3545 ruore
1321 3483 1400 3546 satis
1416 3497 1543 3569 recepto
1560 3504 1660 3548 aaran
1675 3491 1792 3568 copiae
1806 3487 1946 3572 imagine
1963 3455 2129 3554 alluditur.

515 3593 552 3658 Si
574 3590 655 3656 nihil
679 3594 743 3656 nisi
765 3591 866 3656 Aradi
890 3591 1077 3656 attributum
1098 3611 1218 3657 ornans
1238 3607 1325 3658 esset
1347 3611 1474 3682 1211))
1496 3595 1628 3681 (corum
1653 3599 1764 3680 copiae
1778 3595 1899 3682 Tyri),
1930 3589 2131 3690 A'radiusque

514 3717 599 3770 esset
613 3721 747 3782 numus,
777 3701 862 3768 haud
878 3703 977 3768 duhio
992 3703 1107 3769 Arado·
1117 3723 1233 3768 nomen
1245 3706 1341 3792 idque
1355 3708 1425 3771 sine
1442 3709 1630 3793 compendio
1646 3709 1797 3793 scriptum
1812 3707 1861 3774 illi
1874 3710 2024 3777 attributo
2038 3733 2131 3798 prae-

512 3819 644 3882 missum
666 3831 699 3880 et
719 3817 753 3878 iu
774 3829 924 3879 monetae
943 3817 1108 3880 eeournine
1130 3821 1269 3902 positum
1298 3833 1399 3895 esset,
1437 3839 1501 3885 non
1529 3821 1562 3885 iu
1592 3823 1662 3886 eiua
1681 3820 1781 3886 lutere
1806 3825 1897 3909 quusi
1920 3823 2129 3890 delitesceret.

513 3925 663 3994 Ceterum
693 3947 765 3992 oum
794 3925 845 3991 hin
876 3929 983 3993 numia
1015 3931 1219 4014 comparandi
1247 3947 1341 3996 arunt
1367 3933 1398 3995 ei
1419 3933 1589 3998 admodum
1610 3933 1707 3999 vicini
1726 3935 1808 4020 apud
1828 3933 2030 4002 hlionnetum
2051 3925 2083 4004 l.
2101 3959 2127 4002 o.

513 4045 728 4105 1119029111
754 4039 818 4102 tuh.
834 4041 894 4115 25,
923 4045 1115 4106 11118280.

589 4213 591 4222 ,
638 4151 715 4236 Peg.
752 4155 825 4214 292.
881 4129 1022 4216 Numam
1058 4152 1318 4218 Panormitaunm
1353 4154 1529 4243 bilinguem
1563 4161 1728 4247 permagni
1763 4159 1944 4225 faciendum
1977 4161 2129 4228 describit

512 4261 705 4329 Mionnetue
725 4261 837 4348 Suppl.
860 4261 876 4325 l
897 4283 926 4348 p.
948 4269 1008 4328 121
1033 4285 1086 4329 no.
1107 4269 1190 4344 433,
1223 4265 1265 4330 ci.
1289 4265 1354 4332 tah.
1377 4273 1409 4348 8,
1434 4273 1490 4334 102

637 4371 772 4462 Figura
793 4376 903 4440 oiro'ls'e
922 4375 1012 4440 nude
1034 4373 1111 4442 done·
1129 4379 1276 4444 insidens
1286 4379 1388 4460 socie
1401 4380 1541 4447 unane
1551 4383 1728 4469 praedito,
1752 4387 1798 4452 od
1808 4385 1840 4452 d.
1855 4409 1927 4454 curn
1941 4384 2125 4473 epigraphe:

510 4486 779 4554 HANOPMOC.
817 4487 854 4570 )(.
897 4485 1073 4574 Neptunus
1099 4497 1179 4576 rupe·
1205 4493 1352 4558 eoadem
1383 4515 1479 4560 mnae
1500 4473 1624 4562 deutra
1645 4498 1820 4566 tridentem
1843 4510 1956 4566 tenear
1975 4499 2015 4563 ed
2035 4499 2068 4562 d.
2090 4499 2125 4563 in

509 4623 584 4666 area
605 4606 719 4686 piccio.
768 4598 958 4686 Epigrapho
986 4599 1160 4668 Phoenicia
1188 4602 1285 4672 haenc
1332 4593 1502 4712 *pl-ilo}
1547 4610 1679 4700 (unni)
1714 4613 1755 4676 de
1784 4635 1846 4699 qua
1881 4609 1962 4678 nihil
1991 4609 2124 4690 definio,

509 4713 609 4778 donec
630 4709 757 4776 litterae
779 4703 885 4778 denuo
910 4713 1114 4778 examinatae
1135 4714 1263 4782 luerint.

633 4827 711 4912 l'ag.
735 4831 807 4890 312.
852 4821 888 4889 ln
917 4828 1025 4891 numis
1056 4825 1201 4896 Malacae
1231 4829 1340 4896 malim
1368 4835 1458 4903 112511
1487 4836 1618 4935 (κξξη)
1644 4836 1753 4924 legere
1783 4858 1875 4922 quarn
1894 4835 1998 4928 raphu:
2025 4858 2122 4923 quum

508 4955 547 4998 ea
573 4933 695 5024 figura,
732 4959 827 5024 quarn
856 4952 967 5024 quarta
1002 4937 1109 5004 littera
1139 4944 1172 5006 in
1210 4943 1360 5009 omuibus
1397 4945 1555 5034 exemplis
1589 4951 1736 5035 (praeter
1764 4935 1878 5027 E,'in
1908 4921 2025 5036 quom
2054 4953 2120 5038 est)

504 5045 621 5146 thahat,
656 5047 787 5136 vulgare
816 5052 858 5114 sit
884 5047 991 5138 Aleph
1020 5056 1196 5138 scripturae
1225 5053 1597 5143 insperso-Numidicae
1625 5063 1677 5147 (v.
1701 5083 1773 5148 pag.
1796 5065 1855 5138 20,
1890 5069 2120 5142 111).22-24,

507 5156 588 5222 adde
609 5157 756 5246 exempla
775 5163 807 5224 in
826 5163 923 5227 inser.
944 5159 1075 5230 Numid.
1097 5170 1161 5252 8),
1199 5181 1310 5232 contra
1331 5155 1414 5234 11110ι
1426 5194 1483 5258 pru
1504 5171 1577 5239 Tau
1600 5186 1734 5260 ponetur
1756 5173 1804 5256 (v.
1827 5193 1898 5260 pag.
1921 5175 2001 5260 47),
2036 5177 2121 5262 quod

505 5273 611 5355 ipsum
626 5273 658 5332 in
675 5275 780 5338 numia
793 5271 997 5362 Hispanicis,
1028 5299 1161 5362 quorum
1177 5284 1348 5346 auctoritas
1362 5281 1422 5349 huo
1439 5287 1471 5348 in
1488 5307 1523 5349 re
1539 5285 1709 5370 plurimum
1729 5281 1830 5362 valet,
1859 5304 2042 5356 constanter
2054 5287 2121 5354 alia

504 5380 609 5470 figura
620 5381 781 5466 pingitur,
812 5387 852 5450 cl.
867 5406 891 5456 11
906 5389 940 5452 lu
955 5390 1039 5460 nin:
1054 5407 1086 5454 et
1100 5408 1212 5488 111111
1225 5394 1258 5456 in
1273 5395 1377 5460 numia
1393 5393 1581 5474 Gaditanis,
1603 5393 1810 5465 Abderitanis
1825 5412 1857 5463 et
1870 5397 2074 5469 Bulensibus.
