5004 6306
488 668 566 746 268
633 661 767 734 LIBER
786 661 991 731 TERTIUS.
1030 661 1094 730 DE
1115 659 1258 732 NUMIS
1280 658 1546 730 moment.
1588 657 1737 730 CAPUT
1758 657 1947 730 PRIMUM.

493 857 634 922 Hunidae
656 850 803 942 (Eckhel
821 850 882 932 tv,
897 853 979 937 282)
1001 866 1033 916 et
1051 873 1159 938 caepe.
1203 849 1315 940 Neque
1335 843 1397 916 hoc
1414 873 1435 916 a
1455 853 1503 916 rei
1518 849 1805 916 veritata'aiiennm
1821 864 1887 931 eat,
1909 846 1985 918 ιιιιιιι
1999 855 2120 918 civitat

491 971 514 1036 i.
530 991 558 1033 e.
581 973 699 1033 cicinno
720 989 748 1032 ι.
768 964 946 1032 incolarum
969 971 1171 1032 universitas
1200 966 1308 1052 (ahaz
1336 967 1368 1030 in
1393 966 1499 1030 nhrnia
1520 963 1728 1050 Hispanioia,
1760 985 1790 1030 v.
1811 987 1865 1031 nc.
1890 962 1971 1031 XV.
1993 959 2117 1050 xvi),

379 1080 383 1086 ’
493 1103 557 1148 non
579 1080 693 1148 domne
715 1094 746 1144 et
768 1079 897 1142 moenia
915 1075 1023 1156 urbia,
1050 1091 1136 1145 recta
1158 1087 1264 1144 nater
1286 1077 1485 1144 coloniarum
1507 1091 1649 1142 vocatur.

619 1241 711 1306 Dein
724 1253 790 1305 trea
804 1239 928 1306 litteras
942 1255 1029 1320 ana,
1051 1261 1134 1327 qnae
1151 1244 1340 1328 compendia
1356 1263 1427 1307 atae
1444 1243 1564 1321 armai,
1588 1239 1646 1306 aiii
1664 1239 1759 1306 aliter
1774 1239 1948 1326 explicent,
1969 1253 2014 1320 et,
2037 1261 2118 1328 quae

491 1377 586 1442 aupra
601 1357 705 1441 pnani,
727 1357 856 1419 nonnisi
868 1352 1013 1440 exempli
1028 1375 1126 1418 canna
1140 1355 1225 1419 dicta
1238 1367 1343 1419 anuto.
1363 1354 1415 1419 De
1430 1353 1552 1438 Beryti
1563 1357 1650 1418 euim
1666 1353 1885 1420 conditoribus
1899 1374 1964 1418 nou
1980 1368 2117 1432 ccnmat,

489 1489 550 1536 nec
572 1469 742 1554 quicquam
763 1487 851 1532 novo
869 1469 932 1532 iata
954 1465 1232 1532 Sanchoniathoni
1251 1467 1378 1546 tribuo,
1408 1471 1511 1554 quiet
1528 1466 1665 1532 ceraton
1689 1481 1721 1531 et
1734 1466 1891 1532 Melitam
1905 1468 1946 1532 ad
1962 1465 2118 1533 Sidonem

490 1593 623 1648 matrem
647 1579 745 1644 reiart
765 1577 853 1664 (tv,
876 1581 1004 1664 6-8).
1055 1575 1207 1646 Ceterum
1226 1579 1297 1660 hia,
1332 1582 1388 1668 qui
1417 1578 1478 1644 hac
1502 1580 1542 1646 de
1564 1601 1599 1644 re
1628 1582 1829 1646 coniecturas
1859 1599 2037 1666 proponere
2064 1576 2117 1642 nel

490 1695 530 1760 de
559 1693 732 1779 propositis
754 1693 897 1758 indicare
927 1689 1045 1772 velint,
1083 1714 1148 1758 non
1179 1691 1408 1780 negligendum
1438 1707 1505 1771 eat,
1542 1695 1633 1779 ipnca
1668 1707 1794 1760 veteres
1822 1694 1863 1757 de
1892 1689 2117 1758 nonnullarum
2152 1673 2153 1677 Ἰ

491 1803 691 1872 coloniarum
713 1806 838 1890 origine
859 1806 894 1868 in
917 1805 1061 1869 diveraaa
1083 1808 1261 1872 sententiaa
1282 1806 1416 1872 ahiiaea.
1461 1793 1546 1870 Nam
1568 1829 1647 1891 quaa
1668 1808 1710 1872 ad
1731 1805 1854 1891 Tyrum
1876 1819 2010 1870 matrem
2029 1803 2117 1870 reie-

489 1931 565 1984 rnnt
592 1914 725 1982 Thebae
755 1913 927 1982 Boeotieaa
956 1914 1088 1982 Curtius
1115 1915 1199 2000 (w,
1220 1926 1256 1982 4:
1293 1916 1442 1983 coloniae
1470 1921 1540 1982 eiua
1563 1939 1664 2004 paene
1684 1931 1751 1984 tcto
1772 1917 1850 1986 crhe
1872 1918 2008 1984 diffusae
2028 1929 2115 1994 aunt,

491 2026 654 2116 Carthago
678 2032 712 2094 in
734 2027 864 2108 Africa,
894 2031 929 2093 in
951 2027 1088 2094 Boeotia
1109 2027 1264 2110 Thebae,
1294 2029 1401 2096 Gadea
1423 2032 1462 2096 ad
1479 2028 1668 2115 Oceanum)
1689 2032 1905 2117 etEuripidea
1927 2030 2115 2114 (Phoenica.

491 2144 591 2227 oet),
620 2143 749 2208 easdem
772 2143 814 2206 ad
835 2141 1003 2208 Sidoniam
1026 2144 1185 2228 originem
1208 2141 1354 2206 referunt
1375 2141 1498 2208 Plinius
1521 2142 1674 2210 Sidonem
1698 2142 1885 2210 Thebarum
1908 2141 2115 2208 Boeotiarnm

490 2269 658 2342 parentem
677 2252 860 2340 appellant,
891 2254 1061 2340 Euripidae
1079 2256 1166 2341 apud
1182 2253 1432 2340 Aristophanem
1455 2253 1560 2335 (lien.
1576 2259 1677 2341 1256)
1700 2270 1734 2322 et
1748 2257 1930 2322 Lucianum
1950 2253 2115 2338 (Macroh.

490 2371 519 2449 ἦ.
542 2372 601 2433 23:
636 2365 787 2432 Σιδώνιόν
813 2365 885 2462 noa'
910 2365 990 2432 ἄστυ
1011 2367 1145 2450 Κάδμος
1165 2366 1326 2451 ἐκλιπών).
1372 2367 1424 2432 Ειι
1447 2366 1516 2448 hia,
1554 2390 1635 2454 qnae
1666 2371 1812 2434 certioris
1835 2367 1913 2434 fidei
1946 2367 2114 2446 habentur,

492 2495 645 2545 annotare
666 2475 787 2566 piacet,
816 2481 959 2544 Aradum
981 2502 1000 2545 a
1022 2480 1187 2560 Sidoniia,
1217 2477 1375 2567 Tripolim
1398 2503 1418 2545 a
1440 2477 1570 2565 Tyriis,
1591 2479 1734 2546 Sidoniis
1755 2495 1789 2546 et
1809 2463 1938 2548 Aradiia
1953 2482 2115 2546 conditam

493 2613 564 2658 eane
593 2605 673 2658 teate
703 2591 862 2660 Strabone
893 2589 995 2672 XVI,
1018 2599 1039 2657 2
1060 2595 1090 2673 5.
1113 2597 1164 2658 13.
1186 2597 1236 2660 15.

623 2777 701 2844 Tune
724 2797 795 2846 nata
817 2799 961 2846 cararent
981 2777 1185 2866 significare,
1214 2777 1310 2866 piane
1332 2793 1452 2846 certum
1473 2795 1560 2846 earet
1581 2794 1614 2848 et
1629 2777 1852 2867 exploratum,
1874 2779 1958 2846 aide
1974 2777 2114 2844 lectione

491 2911 563 2964 nnn
591 2893 676 2978 apud
703 2889 913 2956 Vailiantium
942 2905 974 2956 et
996 2890 1236 2958 Froehlichium
1265 2896 1384 2958 certina
1408 2906 1578 2960 constaret.
1630 2893 1674 2959 At
1703 2892 1755 2958 vel
1786 2896 1856 2958 aine
1877 2893 1939 2958 hcc
1958 2881 2116 2980 interpre»

492 3007 581 3072 tandi
603 3003 797 3070 adminiculo
818 3005 852 3068 id
876 3025 940 3068 non
961 3002 1193 3090 improbabile:
1229 3004 1438 3094 quamplura
1466 3008 1531 3072 tint
1557 3005 1653 3072 huius
1682 3009 1926 3092 permutationi·
1946 3003 2115 3092 ‚exempla

457 3099 461 3104 „
491 3118 593 3184 veluti
614 3133 675 3204 pn:
698 3147 743 3178 ==
764 3135 828 3212 ppt-p
849 3113 982 3180 Numid.
1006 3097 1090 3182 2¹3.
1113 3125 1153 3196 2,
1198 3134 1259 3204 ἰιι-ι
1287 3133 1319 3183 et
1347 3136 1404 3202 ann,
1435 3121 1488 3200 (v.
1518 3120 1558 3184 nd
1581 3117 1644 3184 Cit.
1666 3120 1736 3204 33).
1781 3120 1980 3186 Sententiam
2007 3133 2114 3206 aptam

492 3207 585 3309 antei
613 3251 708 3294 nemo
730 3227 827 3296 facile
849 3227 998 3314 negabit,
1036 3251 1133 3316 qaum
1155 3229 1253 3296 nrhea
1274 3209 1417 3297 eiusdem
1441 3235 1575 3320 originis
1597 3246 1630 3297 et
1646 3233 1844 3316 'conditionis
1864 3217 1962 3320 aaepe'
1982 3229 2115 3320 diripui

492 3357 664 3422 vocentur,
694 3341 732 3406 cf.
754 3340 988 3428 ΑᾼΕΛΦΩΝ
1005 3342 1181 3408 ΔΗΜΩΝ
1206 3345 1239 3407 in
1262 3348 1368 3410 numia
1390 3341 1569 3410 Seleucidia
1591 3367 1640 3430 ap.
1661 3344 1787 3410 Echhel
1809 3345 1873 3424 ΙΙΙ,
1896 3352 1958 3413 267
1987 3345 2028 3410 ci.
2050 3342 2112 3422 IV,

494 3461 566 3522 2⁷5.
588 3459 660 3522 339.
698 3453 873 3540 Spanhem.
899 3452 922 3517 l.
938 3475 964 3517 c.
986 3451 1020 3530 Ι,
1043 3477 1074 3540 p.
1097 3459 1170 3522 568.
1215 3456 1302 3522 Satia
1322 3479 1439 3544 magna
1455 3471 1560 3522 autern
1580 3441 1712 3524 Sidonia
1733 3474 1783 3524 est
1802 3461 1977 3538 madentia,
2006 3479 2113 3545 parem

492 3581 615 3634 tantum
643 3587 715 3634 enm
745 3563 856 3648 Tyriis
886 3565 1076 3652 dignitatem
1104 3568 1168 3633 aibi
1197 3568 1415 3636 tribuentium.
1459 3590 1508 3662 pte
1533 3578 1630 3650 itant,
1663 3591 1767 3658 nepae
1788 3592 1870 3652 non,
1899 3572 2002 3652 adea,
2031 3571 2113 3658 quod

491 3679 676 3772 languidina
704 3677 808 3743 videri
824 3679 949 3764 poenit,
977 3700 1000 3742 a
1019 3677 1094 3744 atila
1116 3680 1302 3747 aolenniore
1322 3682 1418 3748 haina
1441 3683 1635 3770 epigraphes
1657 3705 1720 3760 nan
1743 3683 1885 3755 alienum
1907 3701 1963 3750 ent.

618 3866 758 3934 Nostrae
780 3869 1035 3955 interpretationi
1055 3869 1214 3952 timidam,
1253 3877 1305 3939 cui
1336 3873 1414 3940 olim
1442 3877 1585 3955 moenai,
1623 3890 1831 3962 propoauerat
1852 3875 1999 3964 Koppiua
2020 3875 2044 3941 l.
2068 3897 2112 3940 a:

494 3999 542 4054 *tu
559 4001 631 4054 nnn
646 3997 692 4065 att
710 3977 781 4053 aab
804 3993 849 4050 itte
873 3983 975 4050 hanah
997 3979 1226 4064 Sidoniorum,
1247 3993 1364 4052 natrtt
1385 3989 1506 4052 eircale'
1524 4009 1549 4052 ι.
1574 3986 1674 4068 orta,
1697 3995 1760 4054 tna
1781 4009 1860 4056 cero
1881 3996 2004 4055 amarit
2022 3989 2112 4074 Tyri,

492 4098 545 4160 eni
574 4096 651 4181 quid
675 4093 798 4174 chatet,
834 4098 898 4159 iam
927 4095 1082 4158 diximna.
1137 4095 1174 4160 Ιιι
1203 4097 1342 4164 similem
1376 4113 1482 4164 autent
1510 4100 1678 4167 nohiacum
1706 4107 1917 4184 sententiam,
1951 4101 2113 4168 scribendi
2206 4153 2208 4158 .

490 4207 680 4293 compendia
698 4210 733 4272 in
757 4206 824 4274 illia
845 4208 962 4273 litteris
982 4206 1100 4289 latera,
1135 4212 1292 4276 inciderat
1313 4213 1377 4277 iam
1399 4209 1662 4296 Ballermannua,
1698 4219 1754 4303 qni
1776 4232 1883 4282 tumen
1910 4215 2041 4294 litteris,
2077 4227 2112 4278 ut
2218 4250 2225 4258 ·

492 4322 654 4399 diximus,
690 4318 776 4384 male
810 4319 969 4398 definitis,
1006 4343 1073 4386 non
1106 4327 1210 4409 patuit
1242 4345 1308 4389 non
1344 4328 1378 4390 in
1399 4327 1545 4415 'cingulis
1574 4329 1767 4415 definiendis
1798 4351 1817 4394 a
1844 4351 1923 4396 vero
1951 4328 2110 4394 aberrare.

489 4433 570 4498 Eine
590 4435 677 4499 enirn
699 4435 921 4520 interpretatio
944 4432 1024 4500 haec
1046 4448 1130 4500 erat:

847 4589 948 4655 canat
1505 4594 1611 4663 Sidon

837 4715 957 4768 nnana
1157 4705 1159 4710 ’
1374 4761 1376 4769 ι
1397 4717 1502 4773 nater
1523 4717 1560 4775 in
1578 4709 1739 4776 Marathe

833 4831 953 4900 napntt
1277 4851 1278 4856 ¹
1400 4821 1537 4902 Arado,
1572 4823 1737 4910 Capitate

873 4943 922 4999 Ἶιι
1225 4955 1229 4962 ·
1509 4935 1594 5021 Tyra

492 5095 525 5159 in
549 5117 612 5181 qua
637 5111 761 5182 praeter
782 5096 905 5165 litterae
927 5079 1011 5164 mhle
1033 5093 1180 5188 acceptae
1202 5101 1349 5190 displicet
1370 5105 1465 5169 etiarn
1491 5109 1523 5188 1)
1544 5099 1682 5170 locntioi
1712 5112 1873 5172 materia
1887 5104 2037 5173 Maratha
2052 5107 2110 5173 rel.

493 5204 680 5294 Quanquam
705 5213 792 5275 enim
813 5214 847 5278 in
869 5234 967 5278 numo
989 5214 1175 5280 Laodicena
1198 5217 1270 5301 (no.
1285 5214 1354 5302 lv)
1375 5232 1461 5282 recte
1483 5219 1614 5308 dicitur:
1638 5228 1742 5284 amer
1764 5225 1800 5284 in
1825 5220 1999 5302 Canauna,
2029 5243 2111 5308 quae

491 5321 581 5408 regio
595 5334 654 5402 eat,
670 5321 734 5388 dici
748 5339 853 5390 tamen
869 5347 932 5390 non
947 5341 1066 5412 pateat:
1089 5337 1195 5395 maier
1207 5335 1244 5394 ιἰι
1253 5329 1413 5396 Maratha
1424 5353 1483 5419 pro
1498 5329 1649 5396 Marathi.
1682 5334 1717 5419 2)
1731 5335 1813 5418 quod
1830 5350 1897 5424 nep
1916 5333 2109 5422 Capitonem
