4922 6300
857 669 975 740 Nutu
997 669 1158 742 CILICil.
1198 669 1474 742 1116111666.
1901 689 1976 764 283

353 871 519 947 magnates
542 858 622 926 Har.
644 857 743 926 Cous.
766 853 815 924 vt
837 884 868 946 p.
891 861 953 927 tus
975 855 1099 926 Schult.
1118 848 1316 948 (quanquam
1339 861 1373 928 hi
1394 861 1481 928 oculi
1500 863 1608 934 vocari
1629 877 1764 948 possunt
1781 887 1828 953 qs.
1850 865 1974 943 lamina

353 977 464 1062 regui,
495 995 574 1046 narn,
593 995 754 1058 uunquam
774 973 902 1040 additur
923 975 1045 1059 regu)
1088 973 1159 1059 Ego
1180 975 1279 1060 igitur
1296 973 1386 1040 illam
1407 978 1650 1064 inscriptionem
1674 976 1916 1063 explicaverim:
2035 967 2037 974 ¹

944 1109 1079 1183 cordos
1112 1112 1216 1206 rega's
1251 1113 1388 1207 magni

353 1265 375 1328 i.
397 1284 426 1326 6.
460 1261 547 1346 regis
575 1259 724 1345 Persice,
760 1259 850 1323 cuius
879 1257 960 1324 baec
990 1257 1162 1353 appellatio
1191 1275 1241 1328 661
1268 1264 1397 1350 propria
1425 1274 1457 1324 et
1478 1261 1622 1328 solennis
1651 1264 1818 1353 (βασιλεὺς
1839 1263 1856 1333 ὃ
1879 1271 1974 1356 μέγας
2013 1249 2023 1258 ’
2111 1285 2115 1298 '

357 1371 522 1459 Aristoph.
544 1371 628 1437 Plut.
652 1377 712 1437 1⁷0
736 1369 844 1458 ibique
865 1373 1017 1457 interpp,
1045 1371 1141 1457 μέγας
1160 1373 1305 1455 βασιλεὺς
1328 1373 1386 1438 Ar.
1403 1378 1477 1437 486.
1504 1371 1827 1464 Α611616.65.113).
1872 1383 1975 1468 Erunt

353 1485 507 1566 fortasse,
548 1489 602 1572 qui
632 1507 675 1549 ex
704 1486 779 1550 trita
809 1497 984 1567 syntaxeos
1011 1483 1084 1571 lege
1114 1501 1302 1564 occurrant,
1340 1487 1381 1550 ad
1407 1483 1491 1550 hanc
1519 1493 1708 1556 sententiam
1732 1495 1974 1577 exprimendam

353 1595 522 1666 articulum
544 1612 620 1662 aute
642 1597 1201 1688 611661166666661661166161666
1230 1600 1286 1663 sad
1308 1597 1359 1664 his
1381 1600 1630 1684 respondemus,
1658 1605 1808 1668 6116616
1831 1605 1974 1693 legitimo

353 1710 395 1775 V.
418 1709 459 1779 ’1.
482 1710 676 1778 1161661666
697 1710 854 1777 eiusmodi
877 1709 1026 1795 exempla
1048 1712 1184 1798 reperiri
1210 1712 1252 1802 (2
1276 1710 1362 1776 Sam.
1388 1717 1420 1790 6,
1440 1717 1478 1776 3:
1503 1719 1600 1818 616616
1622 1717 1826 1816 ruffin-aq.
1856 1717 1973 1800 1662,

353 1831 411 1890 21:
439 1840 540 1924 aqqap
564 1841 641 1922 6666
662 1841 744 1914 666.
778 1823 837 1888 Ez.
861 1827 913 1902 39,
938 1829 997 1888 27:
1020 1837 1099 1908 usqu,
1121 1825 1320 1922 66166666.
1350 1821 1431 1890 Gen.
1455 1829 1507 1906 32,
1530 1833 1587 1892 23:
1618 1833 1818 1928 6666616.
1850 1837 1899 1908 19‚
1922 1837 1973 1902 33.

355 1942 483 2014 39,16.
515 1945 531 2004 1
557 1937 644 2006 Satu-
668 1941 718 2018 19,
744 1943 794 2006 10.
825 1935 878 2002 Ps.
904 1941 954 2016 12,
979 1942 1015 2001 8:
1045 1948 1194 2024 616166,
1229 1937 1269 2002 61.
1293 1936 1375 2002 Gen.
1397 1941 1451 2017 43,
1475 1945 1525 2006 14.
1549 1939 1601 2004 Ρ6.
1627 1947 1676 2022 18,
1702 1950 1752 2008 18.
1775 1940 1844 2010 lud.
1869 1950 1920 2024 16,
1946 1951 1974 2018 5,

352 2057 384 2116 6.
406 2051 485 2134 16),
516 2050 694 2116 Phoenices
717 2066 823 2118 autem
846 2051 880 2116 in
904 2047 1039 2113 articulo
1063 2052 1209 2138 ponendo
1231 2053 1402 2116 admodum
1423 2071 1539 2138 parcos
1562 2074 1634 2118 esse
1657 2055 1707 2136 (v.
1728 2053 1786 2120 lib.
1804 2053 1865 2136 lV,
1880 2079 1907 2122 c.
1923 2059 1973 2144 4).

354 2165 516 2230 Persicum
537 2167 637 2251 igitur
658 2160 791 2228 Ciliciae
813 2161 979 2250 Satrapam
1012 2161 1068 2230 1116
1096 2161 1234 2230 formula
1254 2166 1389 2232 iudicari
1411 2185 1605 2254 humumque
1627 2182 1772 2234 nostrum
1794 2171 1864 2236 eins
1885 2171 1974 2236 iussu

353 2299 464 2342 cusum
486 2299 558 2342 6666
580 2279 749 2355 existimo,
784 2276 869 2362 quod
891 2277 931 2340 ad
954 2277 1138 2342 universam
1160 2275 1276 2342 horum
1305 2297 1474 2343 nemorum
1501 2279 1658 2344 ratiormm
1688 2277 1770 2346 beue
1798 2303 1974 2348 accommo-

352 2391 462 2456 datum
486 2413 558 2456 esse
589 2413 683 2454 nemo
705 2387 799 2454 166116
821 2387 960 2476 negabit.

478 2501 637 2569 'l'riremis
661 2505 769 2590 imago
792 2504 825 2566 iu
849 2501 1001 2578 adversa,
1024 2521 1106 2586 quae
1121 2522 1217 2590 66666
1232 2505 1439 2588 comparetiu
1458 2499 1785 2570 Phocaico-Persicis
1809 2505 1975 2590 (Mionnet

355 2615 423 2698 Vl,
445 2623 505 2683 641
532 2617 639 2704 sqq),
670 2616 710 2680 ad
734 2617 900 2680 victoriam
923 2613 1080 2699 quandam
1108 2611 1254 2680 navalem
1283 2637 1302 2677 6
1330 2613 1437 2680 Persis
1466 2617 1500 2680 iu
1528 2613 1608 2685 Asia
1634 2619 1757 2688 minore
1781 2633 1975 2706 reportatam

352 2733 513 2818 respicere
537 2731 670 2794 videtur.
714 2726 857 2806 Quarum
879 2724 956 2790 licet
977 2723 1085 2814 plures
1107 2729 1189 2806 6161,
1219 2725 1309 2795 66116
1329 2739 1435 2792 16666
1456 2741 1559 2792 661616
1581 2727 1803 2798 Alexandrum
1818 2729 1973 2820 hlagnum

352 2847 502 2934 proxime
530 2845 739 2930 praecedente
770 2837 910 2906 nobilior
937 2853 970 2906 et
991 2834 1165 2918 illustrior,
1202 2861 1296 2928 quam
1317 2837 1392 2920 illa,
1419 2863 1482 2930 qua
1505 2839 1736 2931 Spartanorum
1758 2841 1871 2908 classis
1893 2845 1974 2909 duce

353 2957 510 3024 Pisandro
540 2954 581 3022 ab
607 2953 802 3024 Artaxerxis
824 2951 865 3020 11.
901 2967 932 3017 61
959 2951 1128 3018 Persarum
1159 2949 1262 3022 classe
1290 2953 1370 3017 duce
1400 2949 1534 3018 Conone
1563 2955 1604 3020 ad
1624 2953 1769 3024 lCnidum
1799 2953 1904 3022 deleta
1926 2971 1975 3022 661

355 3069 485 3160 Olymp.
502 3063 662 3146 XCVl,3
687 3069 734 3154 (a.
750 3065 828 3134 Chr.
850 3066 952 3150 394),
984 3086 1108 3156 quaque
1128 3065 1247 3130 166166
1271 3079 1320 3130 661
1341 3080 1376 3130 ut
1395 3068 1429 3130 iu
1451 3089 1528 3154 pace
1552 3066 1592 3134 ab
1607 3066 1779 3134 Antalcida
1800 3073 1975 3158 composita

354 3181 483 3269 Olymp.
507 3177 708 3260 XCVlll,2
738 3181 785 3268 (6
810 3177 887 3243 Chr.
911 3179 992 3263 397)
1019 3177 1119 3243 Asiae
1147 3180 1281 3244 minoris
1309 3175 1405 3246 urbes
1434 3202 1505 3248 cum
1528 3177 1731 3246 Clazomenis
1759 3194 1792 3246 61
1812 3179 1918 3272 Cypro
1941 3185 1974 3248 iu

355 3297 524 3366 Persarum
546 3307 736 3383 potestatem
757 3295 930 3358 transirent
950 3290 1122 3378 (Xenoplr.
1144 3289 1273 3360 Hellen.
1294 3289 1355 3371 lv,
1374 3297 1406 3371 3,
1428 3296 1456 3374 d.
1481 3299 1630 3360 10-12.
1653 3295 1726 3374 V‚l
1752 3297 1781 3378 1.
1805 3299 1878 3388 31).
1923 3295 1974 3366 Ad

356 3410 438 3476 banc
468 3413 566 3498 igitur
594 3409 710 3492 respici
739 3406 886 3492 equidem
913 3405 1066 3490 suspicor.
1108 3401 1214 3494 Atque
1235 3406 1278 3472 ad
1299 3404 1435 3470 eandem
1456 3403 1624 3472 uictoriam
1647 3405 1794 3474 navalem
1816 3411 1975 3494 pertinere

356 3525 481 3589 videtur
501 3521 555 3590 hic
578 3540 710 3586 numus:
1343 3529 1347 3540 ·

481 3633 521 3702 G.
564 3633 644 3700 Rex
664 3635 841 3698 Persarum
862 3633 977 3692 currat
996 3627 1143 3693 inrideat
1165 3627 1210 3692 ad
1227 3627 1398 3708 dextram,
1421 3637 1585 3720 anteeant
1601 3636 1740 3716 666166,
1762 3631 1975 3720 poaefiguru

357 3751 483 3815 11611661
511 3769 607 3814 nunu
629 3767 717 3834 prae
745 3765 780 3808 se
798 3739 931 3826 serens.
982 3739 1086 3828 Supra
1115 3753 1264 3828 quattuor
1292 3737 1418 3804 litterae
1453 3737 1651 3826 phoeniciae.
1687 3739 1716 3828 )(
1755 3743 1910 3808 Triremr’r
1939 3752 1975 3810 s'a

342 3861 511 3953 (fluctibus
538 3866 656 3938 morit,
691 3880 788 3946 supra
814 3858 896 3921 duae
925 3853 1050 3919 litterae
1080 3851 1280 3940 phoeniciae.
1322 3853 1375 3917 Ex
1402 3851 1551 3920 Mionuet
1578 3851 1712 3918 Recueil
1739 3855 1795 3924 des
1818 3853 1975 3950 Plauches

357 3971 449 4054 LXI,
471 3997 521 4040 no.
538 3980 568 4053 1,
602 3972 643 4038 61.
666 3968 872 4036 Bellermauu
894 3965 953 4048 111,
977 3990 1009 4054 6.·
1032 3973 1083 4032 13.
1112 3965 1221 4054 Κ666.
1243 3963 1286 4046 ΙΙ,
1306 3987 1337 4052 6.
1359 3973 1430 4031 241.
1825 3955 1828 3964 ’

483 4085 629 4172 Κ666166
650 4083 673 4149 1.
697 4105 723 4148 c.
748 4095 913 4168 utramque
936 4079 1132 4168 epigraphen
1155 4079 1331 4167 copulatam
1353 4081 1400 4144 ita
1419 4077 1515 4168 legit:

1096 4196 1235 4262 6616

886 4327 1005 4394 regere
1027 4327 1126 4374 meum
1142 4307 1268 4394 perid
1288 4308 1446 4394 (naves),

360 4446 550 4516 cumamque
573 4424 670 4488 refert
693 4422 731 4485 nd
754 4419 974 4508 Antigonum,
999 4417 1098 4484 Asiae
1118 4441 1247 4508 regem,
1280 4423 1412 4506 eiusque
1435 4421 1601 4485 uictoriam
1624 4417 1770 4484 navalem
1784 4418 1823 4483 ad
1839 4417 1976 4507 Cyprum

359 4552 550 4628 reportatam
574 4559 659 4604 anuo
680 4558 706 4599 a
730 4531 807 4600 Chr.
832 4536 904 4597 396.
949 4529 1012 4594 Sed
1037 4553 1216 4618 quanquam
1246 4529 1467 4598 Alexandrum
1490 4530 1535 4595 hl.
1562 4544 1637 4618 post
1664 4531 1799 4596 reditum
1823 4555 1863 4597 ex
1887 4531 1977 4596 ludia
2099 4521 2102 4528 ’

360 4649 476 4717 661166
491 4651 654 4718 Persicum
672 4644 837 4732 Babylone
851 4646 1040 4708 assumsisse
1056 4658 1197 4724 constat,
1220 4658 1325 4708 tamen
1342 4666 1443 4730 neque
1459 4643 1561 4728 hunc,
1586 4665 1688 4734 neque
1702 4647 1828 4732 imperii
1844 4643 1978 4712 heredes

354 4747 497 4850 'uuquam
527 4761 585 4828 tali
614 4760 701 4828 c'ultu
730 4761 835 4826 numia
863 4755 1039 4844 insculptos
1067 4778 1158 4838 csse,
1197 4771 1395 4848 compertum
1424 4771 1490 4829 est:
1530 4755 1621 4822 illurn
1647 4759 1746 4844 igitur
1774 4778 1884 4844 regem
1913 4779 1976 4822 non

361 4873 555 4964 Antigonum
578 4873 703 4954 habeo,
739 4874 795 4938 sed
825 4871 955 4938 Persiae
980 4869 1137 4958 quendam
1164 4891 1284 4956 regem.
1328 4867 1413 4938 Dein
1437 4871 1469 4936 in
1501 4867 1674 4956 epigraphe
1704 4869 1857 4934 adversae
1879 4867 1980 4935 altera

361 4987 466 5054 littera
485 4990 610 5056 Lamed
629 5009 701 5053 6666
722 5009 787 5052 666
799 4965 932 5074 ¹potest:
956 5003 1058 5069 neque
1081 4977 1702 5068 1661166666166161166161661111666
1718 4977 1812 5046 talem
1830 4981 1978 5072 figuram,

362 5099 461 5187 qualis
483 5117 532 5168 est
554 5099 655 5168 altera
675 5119 807 5166 aversae
829 5096 946 5167 littera.
997 5093 1185 5182 Lageudum
1207 5095 1306 5181 igitar
1325 5096 1447 5180 potius:

1070 5226 1128 5298 nu
1169 5227 1262 5306 tatu

525 5361 632 5438 rr'dur
656 5385 782 5436 meum
808 5360 857 5454 (i.
882 5382 915 5432 e.
942 5357 1097 5434 fortuna
1121 5357 1230 5453 mea)
1252 5353 1455 5458 66611666
1480 5357 1528 5450 (i.
1555 5378 1588 5428 c.
1611 5377 1679 5452 per
1703 5353 1800 5448 hoc)

1519 5493 1561 5554 36
1582 5495 1598 5526 *
