4978 6296
520 631 590 699 XX
1089 619 1546 694 usuratio.

524 815 782 908 considerent,
806 837 886 890 non
902 813 1023 890 toltum
1039 811 1215 910 pleraque
1229 821 1477 890 moenimenta
1491 814 1572 893 sino
1587 813 1666 888 ulla
1679 813 1884 892 verborum
1904 813 2146 898 distinctione

525 949 754 1042 vocibusque
786 947 827 1018 in
857 942 1040 1016 extremis
1063 939 1234 1016 versibus
1259 963 1328 1038 pro
1351 941 1471 1023 lubitu
1498 944 1625 1020 fractis
1657 943 1776 1039 (lihl
1795 941 1829 1042 ξ.
1849 933 1910 1038 38,’
1936 949 1983 1042 1)
2005 950 2145 1048 scripta
2196 967 2202 976 ’

525 1103 624 1167 csse,
666 1075 776 1172 quale
816 1069 1004 1146 scribendi
1043 1088 1160 1166 genus
1202 1069 1298 1144 adeo
1338 1073 1380 1148 in
1415 1075 1555 1148 nostris
1593 1073 1729 1169 linguis
1768 1073 1907 1170 leqarui
1951 1080 2144 1174 negotium

524 1206 774 1296 facessat21),
814 1199 881 1274 sed
914 1199 1048 1274 eadem
1082 1200 1212 1275 omma
1246 1197 1310 1293 (id
1343 1201 1445 1300 quod
1468 1201 1724 1282 difficultatem
1750 1225 1979 1304 magnopere
2003 1211 2143 1304 auget)

523 1339 638 1413 etiarn
669 1331 853 1407 matribus
892 1351 986 1426 quas
1018 1327 1150 1402 dicunt
1174 1328 1345 1406 lectionis
1369 1353 1523 1429 prorsus
1549 1354 1677 1408 carere
1707 1332 1796 1427 (lib.
1821 1331 1894 1432 lh.
1918 1340 2010 1434 40)=
2043 1339 2142 1412 solo·

522 1486 681 1562 rumque
707 1458 921 1535 crucem-
945 1469 1300 1549 monumentorum,
1325 1461 1467 1557 quippo
1492 1483 1589 1562 quae
1613 1465 1763 1560 punctis
1776 1461 1978 1564 discriticis
1993 1489 2141 1565 quoque

522 1597 701 1670 destituta
735 1612 815 1664 esse
842 1587 1005 1677 soleant,
1044 1588 1304 1686 interpretatio
1333 1589 1495 1690 fortasse
1520 1589 1604 1688 plus
1637 1592 1752 1666 etiarn
1784 1594 1926 1688 negotii
1953 1593 2140 1670 hahuerit.

519 1725 605 1802 Non
619 1722 805 1818 igiturest
819 1713 925 1832 'quod
939 1719 1139 1808 miremur,
1166 1729 1247 1792 tum
1262 1718 1488 1817 epigraphes
1503 1742 1606 1810 esse,
1632 1740 1792 1819 quarunt
1806 1719 1916 1796 laelio
1932 1721 2022 1798 satis
2039 1737 2141 1798 certa

519 1849 657 1928 dobiae
672 1861 801 1922 tamen
825 1844 1145 1944 interpretationis
1165 1849 1216 1922 sit
1230 1849 1300 1942 ²²),
1327 1860 1409 1922 turn
1425 1852 1528 1923 viros
1554 1849 1705 1941 doctos,
1746 1849 1867 1926 veluti
1887 1851 2139 1944 Swlntonem,

519 1985 583 2082 qui
598 1983 640 2054 in
655 1973 814 2075 legendo
828 1973 979 2074 quidem
999 1997 1121 2073 neque
1139 1973 1377 2074 indiligentes
1390 1999 1514 2076 neque
1529 1979 1698 2054 infelices
1711 1980 1753 2053 in
1767 1981 1994 2079 explicando
2009 1995 2140 2058 tamen
2258 2080 2262 2086 ἱ

517 2113 639 2187 invita
652 2109 829 2182 Minerva
853 2107 1003 2180 versari-
1016 2105 1119 2180 soliti
1142 2107 1230 2182 sint
1281 2107 1365 2182 Hac
1380 2110 1483 2182 enim
1499 2109 1539 2182 in
1556 2131 1598 2183 re
1612 2121 1764 2208 praeter
1777 2109 1972 2188 subactam
1989 2113 2138 2210 linguae

516 2253 555 2317 et
566 2237 799 2335 antiquitatis
817 2233 1028 2310 doctrinam
1043 2235 1173 2309 omnia
1186 2234 1357 2332 pendent
1372 2256 1425 2309 ex
1441 2259 1487 2310 ea
1500 2238 1642 2335 ingenii
1657 2253 1696 2314 et
1710 2237 1877 2316 sollerda
1892 2253 1932 2315 et
1947 2241 2136 2333 felicitate,

516 2393 629 2470 qnam
654 2369 696 2441 in
717 2363 928 2453 Boeclthio,
952 2362 1157 2438 Letoonnio
1183 2361 1435 2457 admiramur,
1469 2389 1565 2464 quae
1590 2369 1657 2444 uhi
1676 2367 1784 2443 deest
1807 2369 1921 2446 nullis
1943 2369 2137 2448 harinae

483 2557 489 2566 .
518 2500 636 2598 copiis
667 2495 874 2594 suppletur.
932 2491 1012 2568 Nos
1038 2493 1190 2591 quidem
1213 2519 1258 2568 eo
1284 2497 1324 2568 in
1349 2517 1484 2592 genere
1510 2509 1663 2594 praeter
1685 2497 1907 2588 Numidicae
1930 2501 2137 2598 scripturae

516 2635 554 2705 'et
580 2625 889 2726 compendiorum
923 2623 1109 2698 rationem
1134 2625 1333 2699 inventam
1361 2626 1565 2724 plurimum
1589 2627 1742 2702 ediudt
1767 2627 1932 2704 locorum
1954 2629 2135 2705 similium

514 2763 611 2834 inter
637 2779 685 2838 ,se
715 2755 864 2829 collatio
895 2753 1023 2850 (llh.l
1052 2750 1086 2852 ξ.
1113 2755 1204 2850 11),
1246 2765 1377 2852 atque,
1418 2766 1462 2828 ut
1495 2773 1630 2830 verum
1657 2756 1864 2847 fateamur,
1907 2759 2134 2858 simulatque

512 2891 723 2962 litterarum
754 2896 923 2983 potestas
953 2894 1057 2956 recte
1090 2881 1244 2956 delinita
1278 2895 1393 2974 essct,
1435 2905 1528 2960 vera
1562 2887 1750 2960 sanantis
1778 2887 1928 2986 saepius
1959 2888 2058 2962 ultro
2092 2913 2134 2964 se

512 3019 623 3092 nohis
655 3014 793 3090 obtulit
824 3033 938 3111 quam
974 3009 1039 3086 diu
1072 3023 1112 3086 et
1140 3035 1296 3111 operose
1331 3013 1547 3110 quaerendo
1589 3015 1752 3090 invento
1788 3027 1858 3090 est.
1923 3013 2148 3113 Nonnullae¹

514 3144 636 3221 nodos
672 3163 822 3218 mecum
853 3137 1135 3238 expediverant
1163 3141 1266 3216 Frid.
1301 3138 1384 3216 Car.
1418 3141 1623 3218 Buandtitu
1650 3141 1980 3242 Meqdeburgensis
2014 3161 2055 3222 et
2086 3149 2131 3223 G.

513 3275 836 3366 Vecsenme'yerus
859 3265 1066 3360 Utinensis,
1098 3271 1240 3366 sagacis
1253 3271 1394 3366 ingenii
1407 3260 1584 3361 iuvenes,
1610 3274 1831 3371 quibuscum
1845 3276 1984 3349 himin
1998 3275 2133 3353 scholis

514 3419 595 3479 tum
622 3401 803 3502 privatim
827 3395 875 3472 de
900 3397 1085 3473 biarchus
1106 3398 1288 3474 disserere
1303 3399 1435 3476 solitus
1451 3421 1547 3475 sum.
1600 3397 1775 3478 &mmm
1792 3425 1923 3480 eorum
1941 3403 2132 3482 duntaxat

511 3534 708 3608 titulorum
736 3527 1028 3628 explicationem
1044 3527 1200 3603 omnino
1224 3541 1363 3604 certam
1381 3541 1420 3604 et
1436 3529 1678 3628 exploratam
1692 3531 1881 3629 appellare
1895 3555 1972 3608 non
1986 3533 2130 3628 dubito,

511 3687 607 3762 quae
633 3663 729 3736 hene
755 3673 794 3732 et
819 3659 983 3755 legitime
1008 3657 1167 3757 scripta,
1204 3658 1301 3734 bene
1327 3671 1553 3734 conservata
1576 3671 1616 3732 et
1637 3673 1811 3736 accurate
1828 3661 2015 3762 descripta
2029 3678 2129 3754 suns,

509 3817 546 3868 v.
569 3817 599 3867 a
623 3790 741 3866 Melit.
767 3798 799 3864 1.
814 3795 850 3863 2.
876 3787 1013 3898 Athen.
1033 3795 1065 3862 1.
1082 3795 1116 3862 2.
1143 3785 1215 3864 Cit.
1233 3795 1268 3863 2.
1296 3786 1423 3862 Carth.
1448 3793 1483 3862 2.
1499 3791 1534 3862 a
1555 3793 1591 3860 8.
1607 3791 1642 3860 9.
1669 3785 1868 3866 Numidi.
1886 3799 1922 3868 5.
1948 3791 2087 3892 'l'ripeh
2107 3801 2126 3866 1

509 3925 577 4013 al,
608 3925 651 3996 in
672 3921 729 3994 his
756 3921 821 4019 qui
846 3917 946 3994 male
971 3917 1091 3992 habiti
1115 3917 1179 3991 vel
1204 3939 1363 4012 quorum
1390 3915 1570 4012 exempla
1590 3915 1857 4012 negligentiora
1873 3917 1962 3996 sun't
1987 3921 2127 4018 (hlelit.

508 4059 543 4126 3.
566 4054 613 4146 4)
647 4061 794 4148 praeter
826 4047 1078 4122 coniecturam
1117 4043 1324 4120 admodum
1359 4043 1594 4142 prohabilem
1628 4047 1747 4144 (quae
1776 4048 1928 4146 quidem
1961 4051 2045 4148 ipsa
2076 4052 2127 4127 ad

508 4178 738 4256 evidentiam
772 4199 885 4272 saepo
912 4175 1088 4272 proxime
1121 4173 1289 4270 accedit)
1326 4173 1421 4247 nihil
1457 4177 1651 4272 expectari
1689 4199 1819 4274 porse,
1857 4179 2129 4256 nonnullorum

506 4309 620 4398 adeo,
654 4317 698 4380 ut
723 4325 823 4378 nune
848 4315 954 4392 sunt,
986 4304 1335 4402 interpretationem
1362 4303 1475 4401 plane
1499 4301 1773 4402 duperanrtnm
1789 4327 1869 4380 osse
1895 4303 2045 4400 (Parth
2066 4312 2123 4386 13.

506 4439 577 4516 Cit.
594 4443 629 4512 9.
648 4441 705 4510 19.
723 4441 782 4508 27.
799 4435 889 4529 28),
916 4433 1025 4510 facile
1047 4433 1276 4529 intelligent,
1304 4434 1368 4531 qui
1393 4433 1528 4508 horunr
1545 4424 1853 4534 ¹apographorum
1870 4433 2125 4514 conditionem

407 4569 410 4576 ’
505 4575 693 4669 reputent.
744 4562 933 4640 Obscuros
959 4575 1048 4641 sunt
1073 4563 1189 4638 etiarn
1211 4579 1415 4638 nuumrurn
1441 4565 1719 4643 nonnullorum·
1738 4565 1962 4670 epigraphes
1995 4566 2125 4668 (Cilic.

506 4727 918 4748 ml*

443 4884 446 4898 ,
565 4813 619 4895 21)
645 4813 719 4874 Non
733 4833 842 4879 omnes
855 4811 1011 4892 example
1024 4810 1255 4892 legeheatheo:
1411 4807 1466 4892 22)
1487 4809 1530 4870 V.
1550 4829 1579 4870 e.
1598 4811 1691 4872 inser.
1706 4811 1847 4880 usuca
1867 4813 1954 4899 (paq.
1973 4821 2038 4882 109
2052 4837 2119 4900 sqq,

845 4941 936 5012 1011.
1346 4925 1378 4978 θ*
1395 4935 1463 4998 Νι
1480 4910 1582 4994 md»
1605 4915 1770 4994 5119191111,
1794 4920 1890 5002 epigr.
1903 4923 1990 4984 numi
2004 4921 2119 4984 Sidonii

835 5035 951 5096 ECHE
1344 5031 1488 5112 quattuor
1502 5037 1649 5082 versuum
1658 5065 1668 5100 ,
1693 5021 1849 5086 Tarsensis
1867 5026 1913 5101 Α,
1939 5023 2121 5124 Genlimp.
2234 5059 2243 5074 .

832 5121 946 5182 MlND
1277 5165 1280 5172 ι
1343 5145 1413 5184 rum
1433 5121 1473 5182 al.

838 5207 948 5352 eu
1633 5213 1636 5222 ·
