4922 6300
501 665 578 743 290
661 658 795 730 LIBER
816 655 1021 726 TERTIUS.
1063 655 1125 723 DE
1147 655 1289 724 NUMIS
1310 649 1577 723 PHOENlCllS.
1620 649 1768 718 CAPUT
1790 649 2007 720 TERTIUM.

502 851 593 918 Mem
619 852 652 914 iu
681 848 802 932 nstin).
845 847 897 912 De
921 863 947 912 tt
972 847 1107 932 genitivi
1134 857 1228 923 uota,
1265 845 1338 908 aide
1366 865 1445 909 mox
1474 865 1524 908 no.
1544 851 1585 921 4,
1622 843 1719 906 inser.
1753 841 1846 908 Sard.
1868 839 1927 906 liu.
1949 847 1988 920 1,
2016 837 2124 929 Tugg.

500 962 559 1030 lin.
580 970 620 1044 6,
647 962 740 1027 atah
761 961 855 1026 initio
876 958 1069 1046 epigraphes
1090 961 1124 1022 in
1148 961 1255 1023 numia
1279 956 1379 1022 labae
1401 955 1416 1020 l
1438 957 1511 1042 (ao.
1533 953 1638 1040 XX).

628 1113 775 1180 Eundem
814 1135 945 1178 numum
980 1109 1097 1176 litteris
1134 1111 1293 1190 inversis,
1335 1111 1427 1196 quasi
1463 1130 1580 1197 graeco
1612 1128 1701 1173 more
1738 1107 1778 1172 ad
1808 1107 1954 1173 dextram
1983 1121 2125 1171 curreret

501 1233 674 1315 scriptura,
706 1224 807 1291 hahes
828 1223 888 1289 litt.
910 1225 927 1290 l
948 1248 990 1290 ax
1012 1221 1159 1310 exemplo
1182 1221 1341 1288 Mionneti
1364 1221 1403 1288 Τ.
1425 1221 1439 1287 l
1460 1246 1489 1310 p.
1510 1227 1573 1287 tot
1596 1243 1648 1286 no.
1669 1224 1731 1286 478
1754 1219 1795 1284 cf.
1817 1221 1882 1285 tab.
1904 1225 1945 1284 20
1967 1241 2019 1284 uo.
2041 1223 2061 1284 7
2093 1235 2125 1283 ιι

501 1343 565 1408 tab.
588 1347 630 1406 66
650 1361 701 1404 no.
723 1345 764 1417 7,
805 1340 890 1425 quod
911 1340 976 1402 iarn
998 1337 1130 1402 dederat
1151 1335 1358 1420 Berthelemy
1378 1334 1401 1400 l
1424 1358 1452 1400 o.
1483 1357 1536 1402 uo.
1563 1339 1613 1400 10.
1655 1331 1810 1420 Singulae
1833 1331 1961 1398 litterae
1984 1330 2070 1396 hunc
2091 1336 2124 1396 in

499 1511 628 1577 ιιι6ι16ιιι
656 1513 805 1575 inversae
832 1508 969 1575 subinde
998 1511 1031 1572 in
1060 1509 1167 1573 numia
1197 1509 1420 1595 reperiuntur,
1456 1517 1491 1569 ut
1525 1445 1561 1624 ⁴l
1590 1503 1718 1570 Lenaei
1744 1505 1779 1568 in
1807 1501 1967 1570 Gaditano
1998 1497 2043 1580 C,
2077 1434 2112 1622 ΙΙ

499 1667 534 1728 in
561 1661 626 1727 alio
654 1661 903 1742 Panormitano,
939 1659 1088 1725 Mionnet
1109 1659 1210 1747 suppl.
1232 1657 1326 1739 VIII,
1350 1663 1411 1738 60,
1448 1671 1481 1722 ιι
1501 1657 1615 1721 eodem
1637 1657 1733 1723 modo
1754 1659 1788 1722 in
1812 1654 1945 1721 Graecis
1967 1657 2125 1740 reperitur

499 1761 544 1853 Ἶ
565 1759 682 1868 pros
707 1779 842 1846 Garama
871 1776 1023 1864 (Boeolrh
1045 1773 1082 1840 C.
1103 1775 1141 1841 P.
1164 1783 1258 1842 663
1287 1799 1319 1864 p.
1340 1779 1399 1862 6),
1429 1751 1540 1886 [let
1568 1747 1617 1884 Ρ
1650 1780 1705 1841 Ρῶ
1729 1773 1771 1840 al.
1803 1774 1844 1840 ci.
1874 1773 2000 1840 litteras
2032 1773 2124 1859 Cupit

500 1909 533 1960 et
545 1895 635 1960 Meae
650 1896 685 1958 in
704 1895 861 1978 scriptura
884 1890 1008 1977 vulgari
1030 1888 1304 1965 Samaritanorum
1328 1889 1411 1974 (tab.
1434 1889 1490 1975 3):
1514 1892 1606 1954 cuius
1627 1891 1676 1953 rei
1697 1909 1810 1953 caussa
1832 1889 1916 1974 apud
1932 1887 2124 1952 Phoenicius

499 2011 534 2073 in
563 2007 698 2093 quadam
727 2003 872 2069 Graecae
899 2003 1140 2068 conmetudinir
1163 2005 1342 2067 imitatione
1366 2003 1549 2088 quaerenda
1571 2015 1620 2066 ιιι
1646 2001 1697 2086 (v.
1720 2023 1853 2067 numum
1874 1999 2124 2066 Heracleensem

500 2119 562 2187 litt.
584 2119 648 2204 F),
682 2119 766 2206 apud
789 2115 930 2181 Graecos
952 2119 985 2180 iu
1009 2109 1166 2201 scripture
1186 2113 1428 2202 flouorpoppddr
1448 2129 1608 2181 currente.

630 2290 663 2346 4.
709 2279 817 2366 Caput
846 2278 1003 2344 Herculis
1030 2277 1193 2358 inlude,
1226 2280 1318 2364 pelle
1348 2279 1481 2343 leonina
1519 2283 1639 2343 tectus
1667 2278 1714 2342 ud
1741 2279 1905 2366 adpatruus.
1943 2275 1970 2362 )(
2017 2273 2122 2361 Caput

503 2403 582 2484 epus·
608 2395 654 2460 ad
673 2400 755 2473 sim,
787 2399 866 2458 ante
888 2391 1048 2456 caducan
1070 2393 1126 2474 (in
1149 2389 1222 2456 aliis
1244 2389 1355 2471 claua,
1388 2411 1469 2478 quae
1484 2403 1516 2454 et
1529 2391 1600 2476 ipsa
1613 2387 1654 2454 ab
1669 2387 1741 2456 aliis
1758 2388 1889 2475 abest),
1902 2409 1991 2476 pone
1999 2389 2122 2476 putatu.

501 2509 590 2576 lnlra
614 2503 804 2594 epigraphe:

1250 2607 1371 2660 newton

630 2743 717 2810 Vide
745 2742 805 2808 litt.
833 2741 867 2808 K
895 2764 937 2807 ax
966 2741 1081 2808 Museo
1111 2710 1317 2825 Britannico,
1355 2743 1387 2806 iu
1418 2763 1481 2828 quo
1510 2743 1573 2805 tria
1609 2743 1679 2806 eius
1715 2739 1865 2828 exempla
1898 2754 2045 2820 exstant,
2081 2741 2123 2804 61.
2263 2780 2272 2786 -

500 2859 627 2928 Dutens
656 2860 775 2924 disa2
804 2853 848 2941 pl.
871 2862 891 2918 2
921 2877 974 2920 no.
996 2862 1026 2919 2.
1057 2853 1206 2920 Mionnet
1227 2855 1244 2920 l
1265 2877 1293 2941 p
1315 2845 1395 2933 269,
1424 2875 1477 2918 uo.
1499 2857 1572 2918 496.
1594 2857 1678 2933 497,
1715 2852 1781 2918 tab.
1804 2859 1857 2932 20,
1878 2859 1928 2918 19.
1956 2851 2124 2940 Lindherg

500 2995 532 3059 p.
550 2977 614 3050 47,
636 2972 690 3056 qui
706 2988 783 3034 vero
798 2967 995 3054 epigraphen
1014 2989 1118 3053 nequa
1136 2967 1208 3033 loco
1230 2967 1270 3032 ah
1293 2969 1363 3052 ipso
1386 2968 1482 3030 citato
1506 3009 1529 3044 „
1539 2965 1604 3031 tab.
1627 2964 1685 3046 Vl,
1705 2973 1775 3046 2“,
1799 2987 1902 3053 nequa
1926 2965 2005 3032 alibi
2027 2967 2123 3032 dedit.

500 3085 538 3149 lu
562 3085 700 3169 quinqua
722 3078 787 3143 illie
810 3077 926 3144 litteris
948 3102 1024 3168 prae
1046 3082 1162 3146 ceteris
1185 3095 1297 3166 quarta
1319 3079 1418 3144 dubie
1438 3099 1510 3142 esse
1532 3093 1646 3164 potest,
1669 3099 1763 3164 quam
1778 3077 1864 3144 Bett
1886 3100 1958 3144 esse
1982 3092 2124 3144 statuunt

499 3195 718 3280 Lindhergius
746 3192 769 3259 l.
792 3217 819 3259 e.
847 3209 879 3259 et
906 3193 1113 3259 Hamalterus
1141 3191 1300 3276 (Miscell.
1330 3193 1429 3276 138),
1465 3213 1561 3278 quum
1589 3193 1691 3256 cauda
1720 3193 1791 3255 eiua
1813 3193 1896 3279 apud
1917 3191 2121 3260 Mionnetum

500 3305 677 3395 paullulum
715 3307 918 3372 dextrorsum
949 3303 1071 3370 inflexa
1106 3308 1159 3370 eit.
1209 3303 1301 3383 Quae
1335 3304 1411 3369 inde
1441 3304 1566 3392 prodit,
1596 3303 1692 3370 lectio
1722 3319 1862 3384 namne,
1900 3327 1972 3370 eam
2001 3305 2122 3371 Hama-

500 3421 598 3485 kerus
621 3423 741 3514 upuppae·
763 3421 848 3504 (imo
870 3421 1027 3518 empna),
1049 3417 1072 3482 l.
1087 3423 1207 3514 annun
1229 3420 1418 3504 pronunciat
1439 3431 1472 3480 et
1493 3417 1534 3482 ad
1555 3417 1707 3502 Arpidea
1727 3417 1859 3482 Africae
1880 3419 1992 3485 urbem
2013 3419 2122 3499 trahit,

502 3554 596 3620 quam
619 3553 639 3595 a
661 3531 778 3598 Poenis
799 3541 873 3630 nuptp
896 3563 941 3592 =
961 3541 1074 3622 ,fauts
1098 3552 1248 3616 αφιναιι
1269 3531 1386 3595 dictam
1405 3529 1507 3594 fuisse
1529 3531 1678 3609 coniicit,
1716 3551 1896 3618 quanquam
1918 3553 1990 3596 earn
2011 3532 2123 3598 urbem

482 3649 543 3715 'ab
574 3648 771 3738 Agathocle,
806 3648 1037 3734 Syracusarum
1051 3665 1221 3734 tyranno,
1256 3649 1416 3714 conditam
1439 3669 1511 3712 essa
1535 3661 1661 3712 constat
1684 3645 1823 3734 (Cellar.
1852 3646 1971 3735 Geogr.
1993 3665 2057 3714 aut.
2079 3649 2123 3730 ll,

501 3785 531 3850 p.
555 3768 614 3829 881
638 3765 740 3850 sqq.):
779 3764 863 3851 qnod
891 3762 1002 3828 multis
1030 3761 1137 3827 verbis
1164 3760 1312 3826 refellere
1334 3763 1438 3847 piget,
1468 3781 1541 3824 cum
1565 3763 1654 3824 numi
1677 3763 1767 3846 origo
1790 3775 1823 3824 et
1843 3764 1947 3847 patria
1968 3785 2010 3826 ex
2032 3765 2124 3826 attri-

500 3875 587 3942 butis
609 3889 641 3940 ct
664 3878 804 3940 eximiae
826 3873 1005 3963 elegantiae
1028 3874 1152 3940 fabrica
1175 3889 1262 3938 certa
1283 3877 1336 3938 sit.
1389 3869 1459 3936 Nec
1482 3876 1587 3936 miuus
1612 3869 1652 3936 ab
1675 3871 1789 3938 horum
1811 3896 1978 3938 numerum
2000 3877 2125 3940 ratione

417 4075 419 4084 ‚
501 4003 534 4052 et
561 3989 792 4053 consuetudine
823 3987 983 4066 alienum,
1017 3987 1104 4073 qnod
1132 3986 1351 4072 Lindhergius
1378 3983 1490 4072 fingit:
1532 3991 1653 4082 1161ιὲ66
1676 3985 1851 4072 praefecto·
1875 3995 2025 4052 monetae
2053 3991 2123 4072 (pr.

501 4097 673 4182 artifices).
697 4137 735 4150 ·-
758 4098 929 4164 Praeterea
951 4101 1048 4164 ctiam
1068 4103 1102 4164 in
1123 4101 1218 4163 tertia
1238 4096 1346 4162 littera
1367 4097 1589 4161 constituenda
1610 4097 1784 4164 haeserunt
1803 4102 2005 4185 interpretes,
2030 4121 2123 4186 quam

500 4211 557 4278 He
585 4231 657 4274 esse
684 4214 796 4276 statuit
821 4209 1000 4277 Duteusius
1032 4212 1072 4278 de
1094 4223 1170 4276 noto
1191 4207 1412 4293 Barthelemyi
1433 4231 1541 4274 errore
1573 4210 1634 4292 (de
1666 4233 1728 4297 quo
1746 4199 1888 4278 diximus
1909 4233 1963 4276 no.
1985 4213 2044 4296 3),
2079 4233 2122 4276 ex

352 4379 357 4386 .
501 4339 622 4394 nnana
639 4323 846 4390 Incolumes
861 4324 993 4390 Siciliae
1012 4321 1224 4410 exsculpens:
1245 4322 1335 4388 Meua
1350 4342 1422 4387 esse
1439 4321 1571 4408 putabat
1586 4322 1752 4410 Koppius,
1772 4323 1921 4390 Duteusii
1939 4321 2122 4410 exemplum

501 4455 619 4508 annun
652 4434 704 4500 vel
735 4451 851 4506 hanun
873 4434 1004 4524 legens,
1044 4438 1084 4501 de
1106 4456 1169 4524 qno
1191 4435 1429 4522 interpretando
1452 4455 1550 4523 quum
1571 4437 1641 4523 ipae
1666 4438 1886 4522 desperasset,
1914 4438 2120 4504 Hamalrerue

500 4549 580 4618 illud
603 4567 715 4644 nfftptptp
738 4541 981 4615 Ηιιιιιιιιιιιιὶιι
1001 4546 1068 4636 legi
1089 4563 1121 4613 et
1140 4548 1296 4636 explicari
1316 4569 1413 4635 posse
1436 4549 1570 4612 cenauit.
1590 4587 1634 4599 —
1667 4539 1722 4614 'Ut
1744 4550 1783 4613 da
1805 4549 1944 4616 lectione
1964 4553 2124 4638 quaestio·

501 4687 574 4730 nem
596 4676 670 4728 ante
694 4665 803 4728 omnia
825 4661 1049 4748 expediamus,
1071 4660 1227 4748 exemplis
1248 4659 1511 4727 Londinensihns
1530 4672 1562 4724 et
1581 4659 1755 4727 Parisiensi
1767 4665 1853 4729 iuter
1868 4685 1904 4730 se
1919 4665 2124 4750 comparatis,

500 4790 621 4840 certum
636 4773 899 4862 exploratumque
914 4787 973 4855 est,
990 4777 1115 4840 tertiam
1130 4773 1270 4840 litteram
1286 4778 1389 4862 (caius
1404 4769 1539 4839 candala
1554 4772 1655 4839 multo
1672 4752 1801 4842 brevior
1816 4789 1865 4842 ιιι
1877 4799 1971 4864 quam
1987 4775 2124 4863 primae)

501 4909 572 4954 esse
602 4885 704 4954 scta
733 4888 819 4975 (uon
848 4887 974 4974 Meas):
1011 4909 1116 4974 neque
1138 4891 1245 4956 minus
1273 4889 1367 4956 uobis
1394 4907 1595 4976 persuasum·
1611 4901 1679 4968 est,
1715 4903 1859 4976 quartam
1894 4911 1967 4954 esse
2002 4887 2122 4967 Rescl,

501 5021 597 5086 quum
618 5003 652 5064 in
675 4999 830 5088 exemplis
852 5001 1113 5067 Londineusibus
1135 5015 1167 5068 et
1188 5004 1273 5090 apud
1288 5001 1482 5068 Duteusium
1497 5000 1631 5066 caudam
1646 5015 1766 5070 rectam
1783 5001 1919 5081 habeat,
1943 4999 2124 5088 paullulum

499 5109 655 5177 inflexam
670 5116 796 5200 quidem
811 5117 844 5180 iu
854 5113 1079 5180 Mionnetiano
1093 5129 1125 5180 et
1140 5129 1220 5182 teste
1235 5115 1433 5204 Lindhergio
1450 5119 1484 5182 in
1500 5117 1692 5198 Hanniensi,
1715 5117 1799 5205 qnod
1815 5119 1921 5203 ipsum
1935 5128 2041 5180 tamen
2057 5135 2123 5178 non

500 5227 650 5312 impedit,
682 5230 853 5313 quominus
881 5226 990 5293 Resclt
1018 5231 1060 5292 sit
1088 5228 1140 5313 (v.
1162 5249 1236 5315 pag.
1265 5239 1307 5294 44
1334 5227 1392 5292 liu.
1421 5233 1471 5295 31.
1500 5236 1541 5295 3²
1571 5231 1652 5295 adde
1681 5229 1790 5294 Recolo
1819 5233 1852 5295 in
1882 5249 1979 5294 numo
2011 5239 2122 5292 nostro

500 5336 562 5404 litt.
585 5335 655 5424 Μ).
704 5339 900 5408 Litterarum
921 5355 1044 5412 namne
1067 5341 1363 5428 interpretationem
1384 5342 1448 5407 ium
1471 5341 1734 5428 aggredientibus
1757 5342 1869 5425 nohis,
1905 5341 1968 5408 hoo
1986 5337 2122 5408 firmiter
