4938 6302
809 665 850 734 ι.
893 663 1059 736 aaaron
1086 665 1208 736 arun
1229 663 1461 736 rmnrnn.
1872 675 1946 750 375

452 857 495 920 V.
518 863 549 923 8.
573 861 595 922 9
616 857 650 920 in
671 851 806 938 Libycis
827 860 1039 924 contractiore
1061 879 1136 923 esse
1156 857 1323 940 videntur,
1353 857 1411 924 sed
1433 856 1507 924 side
1527 860 1672 943 possitue
1694 859 1820 924 initiunt
1840 874 1948 927 textus

322 971 438 1056 Libyci
460 973 507 1036 ita
528 969 599 1034 fere
619 965 686 1058 legi
709 983 742 1034 et
764 967 923 1058 intelligi:
1010 970 1015 980 '

495 1110 571 1176 Ette
592 1131 628 1175 se
650 1108 753 1176 esech
777 1131 857 1176 naso
882 1123 935 1176 oct
956 1110 1000 1176 eli
1023 1109 1148 1176 helices

498 1223 605 1324 utriq
641 1225 699 1294 en
734 1240 797 1313 spo
834 1239 900 1292 rtur
936 1223 997 1315 nin
1034 1240 1074 1295 nr
1104 1244 1152 1293 arr

489 1333 553 1402 hoc
575 1357 637 1424 ego
659 1335 746 1416 lero,
776 1336 892 1430 loqdus
915 1337 1071 1440 (signum
1086 1335 1247 1444 ioederis)
1273 1335 1447 1402 secundum
1471 1339 1555 1402 viam
1578 1331 1753 1426 (morem).

452 1474 615 1566 Quidquid
642 1490 712 1558 est,
755 1479 834 1563 satis
862 1483 968 1542 cer'tus
997 1480 1054 1542 est*
1075 1477 1247 1564 utriusque·
1271 1487 1444 1543 contestat
1473 1479 1506 1542 in
1538 1476 1582 1543 V.
1606 1485 1666 1559 10,
1703 1485 1793 1551 cuius
1823 1501 1947 1554 textum

324 1581 483 1677 Libycum
505 1593 553 1658 its
574 1591 788 1677 disposuerim
810 1605 843 1655 et
863 1591 905 1656 ed
925 1603 1058 1674 etymon
1079 1589 1291 1658 Phoenicium
1312 1583 1510 1655 revocarimi

496 1731 596 1799 Aede
618 1751 701 1797 oneo
721 1732 805 1798 litor
826 1729 908 1798 dode
929 1739 963 1797 ιι·
980 1733 1073 1798 mest
1089 1739 1135 1797 ter
1156 1737 1262 1798 nissen
1283 1731 1319 1796 ts
1339 1733 1445 1814 ιω).

540 1861 587 1916 un
617 1847 650 1916 ri
683 1861 756 1914 rnen
788 1863 833 1916 urr
867 1847 991 1916 innon
1023 1862 1080 1916 rra
1118 1849 1209 1924 noui
1240 1834 1301 1934 nin
1330 1863 1400 1914 ιιιι

496 1960 610 2025 videus
632 1980 693 2046 ego
714 1959 755 2024 ud
776 1971 905 2044 portam
925 1978 1054 2041 servos,
1081 1980 1163 2046 quos
1184 1957 1408 2047 interrogabo,
1441 1979 1517 2022 num
1543 1951 1653 2024 notum
1679 1963 1710 2025 ei
1733 1984 1862 2028 nomen.

450 2097 504 2163 Ex
524 2095 587 2164 hoc
609 2101 751 2164 maxime
772 2119 870 2164 versu
891 2113 1039 2186 apparet,
1065 2085 1373 2184 Liby-Phoeniciis
1394 2096 1495 2164 multa
1520 2101 1628 2164 inesse
1660 2099 1855 2183 Phoenicia,
1890 2106 1948 2170 sed

322 2215 412 2277 varie
434 2225 603 2298 corrupta,
637 2213 778 2276 ιιιιιιιίιιιο
801 2193 982 2293 decurtata,
1012 2233 1044 2278 r.
1067 2235 1094 2278 c.
1116 2219 1220 2279 nissen
1243 2212 1336 2299 (lert.
1360 2214 1486 2298 mineo)
1508 2234 1565 2298 pro
1587 2233 1732 2295 moneor,
1762 2218 1813 2282 lus
1834 2238 1891 2303 pro
1914 2219 1948 2283 te

322 2333 384 2391 ster
414 2323 457 2391 al.
494 2338 527 2388 nt
555 2326 588 2388 in
618 2321 783 2411 'l'uggcusi
813 2299 878 2390 :teir
908 2347 968 2412 pro
996 2326 1101 2404 bren,
1140 2344 1176 2394 nr
1207 2343 1279 2414 pro·
1298 2343 1379 2407 ann,
1418 2342 1464 2394 uo
1487 2349 1546 2413 pro
1568 2343 1649 2394 utun·
1694 2325 1844 2408 Ceterum
1867 2333 1948 2396 litor

323 2439 463 2523 (noui)
486 2459 528 2502 ex
548 2435 786 2504 Mediolanensi
808 2441 916 2525 recepi
938 2459 997 2524 pro
1019 2437 1151 2530 vulgato
1177 2443 1277 2506 lictor
1300 2437 1443 2526 (neni).

1078 2628 1108 2705 §-
1145 2627 1207 2704 14,ἱ

543 2757 798 2830 Sententiae
825 2763 1018 2830 Puniens
1052 2769 1095 2828 ιιι
1124 2763 1218 2830 Act.
1249 2761 1399 2828 Vret
1428 2726 1752 2850 explicentur.¹

451 2913 541 2998 Quas
569 2913 731 2979 secundae
760 2935 875 2980 scenae
905 2913 1039 2981 Plautus
1061 2917 1180 3003 passim
1201 2917 1351 3001 inspersit
1371 2913 1550 2990 locutiones
1571 2917 1728 2998 Peninus,
1758 2939 1816 2982 eae
1838 2933 1948 2983 carent

324 3031 452 3118 quidem
484 3029 624 3115 genuina
656 3027 757 3113 ipsius
793 3035 908 3114 poetae
947 3031 1228 3115 interpretatione,
1267 3042 1300 3093 et
1335 3050 1409 3094 raro
1446 3041 1569 3096 tanturn
1605 3051 1648 3096 ex
1685 3029 1946 3098 antecedentibus

322 3139 571 3232 sequentibnsvo
608 3161 719 3205 earum
755 3139 951 3228 significatio
982 3139 1093 3230 colligi
1120 3153 1241 3230 potest,
1280 3139 1368 3206 velot
1396 3141 1439 3208 V.
1469 3148 1509 3208 35
1560 3145 1620 3229 (cf.
1655 3143 1698 3209 V.
1728 3145 1801 3230 36).
1838 3145 1882 3209 V.
1904 3147 1947 3208 46

322 3257 384 3342 (ei.
411 3254 494 3343 45);
530 3265 671 3320 attamen
703 3255 738 3318 iu
775 3252 912 3320 ioculari
949 3253 1117 3342 facetaque
1154 3253 1344 3342 Milphionit
1380 3255 1598 3342 explicatione
1636 3261 1804 3345 egregium
1838 3269 1947 3322 textus

322 3370 437 3436 Punici
477 3364 692 3432 constituendi
728 3365 909 3432 subsidium
944 3367 1119 3446 habemus,
1157 3381 1213 3446 ut,
1249 3389 1346 3454 quum
1385 3369 1425 3432 de
1463 3372 1620 3456 scriptura
1656 3373 1773 3436 certius
1810 3385 1945 3450 constet,
2083 3374 2086 3380 “

322 3484 448 3548 adiecta
492 3477 754 3564 interpretatione
796 3481 903 3546 minus
948 3501 1044 3567 aegro
1081 3500 1257 3545 careamus.
1324 3477 1433 3560 Quum
1472 3485 1559 3547 enim
1602 3486 1650 3570 sis
1691 3487 1814 3576 cornico
1848 3486 1947 3548 totius

323 3615 439 3662 scenae
468 3596 502 3658 in
531 3614 571 3658 eo
604 3607 772 3674 cernatur,
810 3595 894 3680 qaod
921 3592 1060 3679 Milphio
1087 3589 1213 3657 scurrili
1242 3592 1378 3678 quodam
1410 3594 1505 3657 medo
1534 3593 1738 3680 Agorastocli
1759 3595 1879 3660 Punica
1902 3599 1949 3658 ita

323 3713 567 3794 interpretetur,
604 3708 695 3794 qnasi
731 3706 827 3774 buius
860 3705 992 3793 hugues
1030 3709 1103 3770 soni
1128 3705 1276 3768 ,Lanato
1316 3702 1439 3770 similes
1472 3709 1556 3772 einr:
1599 3728 1642 3773 ex
1677 3709 1848 3794 nngntorio
1887 3705 1947 3770 hac

322 3819 515 3908 Milphionis
544 3822 825 3906 interpretatione,
863 3841 944 3906 qnae
973 3841 1054 3886 sono
1076 3815 1195 3906 ubique
1215 3838 1288 3884 eum
1305 3816 1435 3884 Punicis
1457 3822 1629 3888 eonvenite
1651 3819 1768 3897 dohet,
1799 3817 1946 3882 leetionir

322 3936 463 4000 varietas
483 3935 518 3998 iu
539 3932 670 3998 Punicis
692 3933 821 4020 egregie
843 3932 979 3998 iudicari
999 3943 1113 4019 potest.
1157 3927 1203 3995 Ut
1224 3941 1367 3995 nostram
1388 3930 1581 3998 Punicorum
1603 3930 1749 4017 analysin
1772 3929 1947 3997 lectoribus

326 4061 401 4114 ante
430 4044 540 4113 oculos
570 4065 745 4133 ponamus,
775 4047 935 4132 integrmn
958 4043 1138 4109 diverbinm
1158 4041 1235 4107 inde
1257 4041 1298 4107 ab
1321 4065 1360 4108 eo
1382 4040 1471 4124 loco,
1503 4043 1558 4112 ubi
1580 4045 1698 4113 Hanno
1720 4047 1842 4112 Punico
1859 4042 1948 4129 loqui

323 4161 455 4246 incipit,
491 4157 728 4238 adscribemus‚
765 4157 888 4224 Punica
923 4171 1028 4222 autern
1067 4154 1217 4223 hebraico
1249 4159 1457 4243 transscripta
1488 4171 1521 4223 et
1547 4157 1647 4226 latine
1676 4179 1769 4226 versu
1799 4161 1833 4224 in
1863 4159 1947 4222 notis

323 4269 567 4338 illustrabimur.
621 4269 672 4336 De
701 4271 879 4356 scripturae
901 4261 1055 4336 varietate
1086 4272 1118 4332 iu
1137 4267 1204 4369 ¹his
1227 4272 1312 4334 notis
1335 4270 1539 4336 diiudicanda
1560 4273 1757 4339 redeundum
1780 4272 1821 4337 ad
1841 4275 1870 4350 ξ.
1895 4277 1946 4348 11,

325 4387 509 4473 superiores
546 4397 653 4449 antem
689 4381 786 4448 huius
821 4403 938 4450 scenae
974 4385 1164 4468 interpretes
1186 4357 1393 4447 laudabimus
1429 4397 1504 4470 pag.
1534 4391 1608 4452 360.
1670 4384 1815 4462 Quorum
1851 4383 1947 4448 facile

323 4499 617 4584 praestantissimus
639 4509 689 4560 cst
711 4493 975 4576 Bellermannos,
1004 4498 1038 4560 in
1061 4517 1126 4590 una
1147 4505 1253 4561 tamen
1272 4516 1307 4560 rs
1328 4498 1387 4561 vix
1408 4497 1612 4583 probandus,
1635 4499 1719 4586 qu‘od
1734 4497 1945 4584 Milphionem

322 4607 454 4695 linguae
472 4609 612 4675 Punicae
634 4609 702 4674 iere
724 4609 905 4695 imperitum
927 4611 1063 4697 cogitat,
1095 4623 1127 4674 et
1149 4629 1315 4694 perversas
1338 4611 1408 4687 eius
1430 4611 1711 4698 interpretationes
1732 4633 1797 4674 noo
1820 4607 1947 4674 scurrili

324 4725 395 4788 eius
427 4721 639 4809 petulantiae,
676 4723 733 4787 sed
763 4721 964 4808 ignorantiae
994 4720 1117 4790 tribuit.
1160 4721 1304 4788 Eandem
1322 4720 1485 4814 *Salmasii
1504 4727 1697 4800 ,sententiam
1719 4723 1820 4790 fuisse
1853 4723 1947 4786 video

322 4835 389 4919 (ad
417 4834 511 4920 Vere.
534 4821 606 4914 ist.

426 4979 504 5052 Mil.
548 4979 623 5054 vin'
651 4947 839 5078 appellem
865 4975 967 5050 huno
988 4974 1154 5050 Punice?
1897 4983 1946 5050 30

428 5088 495 5204 Ag}
547 5108 611 5183 An
635 5109 730 5184 sciet
781 5105 859 5182 Mil.
891 5107 1017 5180 nullus
1043 5118 1100 5179 est
1124 5129 1187 5179 rne
1212 5101 1325 5178 hodie
1351 5103 1498 5212 Poenus
1524 5105 1672 5182 Punior.
1744 5133 1750 5146 ·

427 5237 494 5335 Ag.
547 5237 624 5314 Adi
648 5253 760 5337 etque
787 5237 954 5337 appella,
988 5235 1077 5334 qnid
1102 5235 1215 5326 velit,
1254 5233 1344 5332 quid
1369 5235 1527 5326 venerit,
1615 5272 1619 5284 ·

535 5367 609 5461 Qui
634 5373 700 5461 sit,
732 5371 910 5469 quoinde,
937 5365 1039 5443 unde
1062 5369 1130 5441 sit:
1162 5389 1211 5440 ne
1235 5367 1404 5464 parseris.
