4992 6292
511 609 564 682 74
632 604 766 674 LIBER
787 602 961 672 PRIMUS.
1004 599 1376 670 PALAEOGRAPHIA
1398 598 1651 670 PHOENlClA.
1699 603 1843 670 CAPUT
1864 603 2090 683 (sulatum.

802 790 841 856 B.
885 789 945 856 DE
972 785 1295 864 ANTIQUISSLllA
1325 787 1564 856 PERSARUM
1586 787 1843 856 SCRIPTURA.

1265 943 1295 1021 ᾗ.
1326 947 1376 1007 50.

640 1079 809 1144 Persarum
824 1075 1070 1142 Sassaoidarum
1093 1079 1281 1162 scripturam
1303 1098 1344 1140 ex
1365 1075 1498 1161 Syriaca
1519 1096 1545 1142 s.
1570 1075 1760 1162 Palmyrena
1782 1091 1883 1143 ortam
1899 1101 1987 1160 esse,
2011 1095 2044 1144 et
2058 1082 2136 1146 satis

516 1205 641 1258 constat
670 1193 754 1254 inter
782 1188 924 1253 emditos
956 1201 988 1252 et
1015 1189 1101 1254 inira
1127 1188 1301 1254 docebitur·
1327 1193 1374 1273 (ς.
1405 1187 1476 1272 54).
1533 1188 1597 1255 seu
1634 1205 1708 1255 ante
1736 1173 1910 1256 inrectom'
1928 1213 2046 1257 novum
2074 1191 2137 1258 hoc

515 1307 691 1390 scripturae
720 1323 824 1388 gentas
851 1303 917 1364 iam
947 1299 1034 1366 alind
1063 1303 1220 1387 quoddam
1251 1305 1412 1388 antiquius
1435 1305 1468 1366 in
1490 1323 1551 1366 usu
1571 1301 1689 1383 luisse,
1725 1317 1792 1369 tum
1814 1325 1866 1369 res
1887 1307 1958 1390 ipsa
1976 1307 2078 1390 poscit
2098 1305 2138 1388 ⁸),

515 1431 581 1481 tum
609 1430 718 1480 vetera
747 1427 953 1478 monumenta
982 1427 1178 1492 monstrant,
1216 1417 1251 1478 in
1280 1413 1394 1500 quibus
1424 1429 1550 1500 practer
1579 1413 1812 1482 nobilissimam
1833 1415 1922 1480 illam
1945 1420 2136 1503 scripturam

516 1543 683 1593 cuneatum
710 1527 743 1590 in
773 1529 875 1590 ruinis
906 1525 1146 1605 aedificiorum,
1185 1529 1217 1590 in
1248 1525 1402 1591 lateribus
1430 1539 1462 1590 et
1491 1525 1644 1611 cylindris
1672 1532 1896 1615 conspicuam,
1935 1527 2018 1593 alius
2040 1532 2137 1593 etiam

514 1639 713 1705 litteraturae
741 1641 916 1724 specimina
944 1642 1167 1726 reperiuntur,
1206 1661 1299 1725 quam
1327 1637 1520 1704 Phoenicius
1546 1637 1648 1704 filiam
1676 1661 1748 1704 esse
1776 1662 1869 1705 nemo
1899 1638 1996 1705 facile
2017 1639 2138 1705 infitias

517 1765 569 1816 eat
589 1754 652 1836 **),
683 1773 860 1838 quanquam
884 1754 954 1837 ipsa
976 1766 1182 1816 monumenta
1202 1750 1310 1838 legere
1333 1755 1456 1816 nemini
1478 1751 1642 1839 hucusque
1665 1755 1808 1840 contigit
1852 1751 1926 1829 Quo
1941 1773 1980 1815 ea
1996 1764 2138 1838 tempore

517 1885 536 1928 a
556 1863 772 1930 Phoenicibus
795 1865 834 1928 ad
857 1865 971 1929 Persas
994 1861 1101 1928 delata
1122 1867 1182 1943 sit,
1220 1867 1406 1951 ignoramus
1433 1866 1561 1950 quidem
1590 1887 1661 1930 cum
1685 1867 1914 1952 ignauissimis:
1944 1877 2082 1930 attamen
2104 1867 2137 1928 io

518 1991 627 2043 nostro
649 1975 847 2040 litteraturae
869 1989 1034 2040 stemmate
1056 1979 1214 2042 secundus
1229 1977 1282 2041 hio
1305 1977 1394 2044 locus
1417 1979 1448 2042 ci
1470 1980 1683 2064 assignandus
1705 1977 1889 2057 videbatur,
1913 1997 2009 2064 quum
2025 1997 2138 2040 mouu-

518 2104 624 2154 menta
644 2087 695 2152 his
717 2087 834 2152 litteris
852 2090 1005 2173 inscripta
1027 2091 1240 2154 monumentis
1262 2088 1411 2156 hebraeis
1433 2105 1466 2156 et
1486 2093 1644 2155 aramaeis
1666 2088 1748 2173 (litt.
1763 2087 1801 2155 C.
1817 2089 1868 2175 D)
1890 2111 1932 2154 ex
1945 2103 2033 2176 parte
2052 2101 2139 2153 certe

476 2207 479 2214 ’
518 2203 698 2287 antiquiora
719 2221 791 2264 esse
813 2213 900 2264 certo
922 2213 1056 2264 constet.

646 2311 708 2378 llla
728 2326 834 2377 antem
854 2328 1060 2377 monumenta
1080 2313 1161 2378 baec
1181 2314 1250 2378 fere
1271 2329 1362 2379 snutt
1399 2315 1433 2402 t)
1455 2322 1547 2380 ausus·
1566 2315 1694 2401 qnidam
1717 2323 1862 2381 oetsrsss
1883 2335 1998 2400 regum
2018 2315 2140 2380 Perso-

519 2447 588 2491 russ
623 2440 698 2490 aute
728 2423 948 2490 Alexandrum
985 2423 1159 2512 Magnum,
1198 2425 1324 2492 Dorias*
1358 2425 1454 2515 vulgo
1489 2429 1566 2492 dicti
1602 2450 1623 2492 a
1657 2424 1961 2513 Numismatclogis,
2006 2446 2140 2512 quorum

520 2541 763 2624 descriptionem
784 2550 817 2601 et
837 2537 1032 2624 epigraphes
1054 2536 1211 2603 habemus
1233 2541 1316 2624 apud
1340 2539 1547 2606 Micaaetuss
1568 2537 1608 2604 Τ.
1624 2537 1669 2620 V,
1691 2561 1724 2625 p.
1740 2545 1803 2604 640
1824 2561 1892 2626 sqq.
1911 2537 1952 2626 pl
1975 2543 2026 2617 29,
2049 2559 2102 2603 no.
2122 2545 2135 2602 1

521 2689 560 2706 -
573 2658 622 2716 14.
644 2656 686 2716 30
708 2650 778 2729 bis,
809 2671 862 2714 uo.
879 2654 1036 2734 7-17„
1056 2653 1109 2736 qui
1131 2665 1258 2737 propter
1280 2655 1394 2716 miram
1415 2651 1660 2718 similitudinem
1682 2650 1773 2716 illam
1794 2655 1982 2738 scripturam
1999 2649 2141 2736 piceas·-

520 2770 603 2829 es'uss
621 2760 774 2850 appellat.

647 2882 681 2952 2)
715 2881 909 2939 numismata
938 2874 1196 2954 Arsacidarum,
1230 2896 1368 2962 quorum
1397 2874 1568 2962 ploraque,
1604 2890 1639 2941 ut
1666 2889 1808 2954 constat,
1845 2895 1959 2961 graece
1985 2875 2140 2960 inscripta

519 3002 610 3065 snat,
640 2984 795 3052 nonnulla
812 3004 918 3050 minen
932 2989 1075 3072 persice,
1098 3009 1233 3076 quorum
1248 2987 1440 3075 epigraphes
1456 2989 1588 3054 exhibet
1602 2987 1796 3054 Ms'orsrsetss
1809 2985 1874 3052 tab.
1890 2993 1943 3066 29,
1961 3007 2014 3051 no.
2030 2994 2044 3050 1
2059 2992 2138 3065 -8,

520 3099 559 3166 of.
581 3097 676 3166 rPota.
694 3100 739 3177 V,
762 3121 792 3184 p.
808 3103 872 3163 686
885 3119 952 3185 sqq.
996 3098 1102 3186 Atque
1124 3099 1239 3166 horum
1261 3104 1419 3187 scriptura
1441 3099 1618 3186 paullulum
1640 3103 1798 3187 discrepat
1818 3101 1863 3168 ab
1882 3097 1957 3180 illa,
1979 3101 2137 3186 originem

520 3226 627 3277 tamen
653 3209 856 3297 phoeniciam
878 3233 941 3276 non
964 3214 1070 3276 minus
1091 3212 1262 3278 manifesto
1284 3235 1360 3300 prae
1382 3235 1418 3278 se
1439 3213 1511 3278 lert.

649 3305 897 3408 dl'sumtsssats
917 3345 1031 3410 reguis
1046 3323 1209 3390 Bactriae
1229 3346 1293 3390 sec.
1317 3331 1337 3390 3
1357 3339 1389 3390 et
1411 3333 1431 3391 2
1453 3343 1526 3390 ante
1548 3323 1626 3391 Chr.
1650 3349 1680 3392 a.
1702 3347 1804 3412 nuper
1822 3324 1864 3390 ab
1883 3324 2138 3411 Hous'gbergerc

519 3451 665 3522 reperta,
695 3440 820 3522 graecis
840 3449 873 3500 et
893 3437 1025 3522 persicis
1049 3433 1165 3502 litteris
1185 3441 1357 3524 inscripta,
1387 3439 1428 3503 ab
1448 3437 1497 3503 ill.
1510 3437 1709 3504 Rocnarrro
1722 3440 1808 3502 edita
1823 3453 1856 3501 et
1870 3435 2029 3502 illustrata
2051 3437 2139 3520 (side

522 3553 591 3615 eius
615 3545 778 3635 Supple‘ra.
804 3550 879 3614 dla
900 3555 1009 3613 rsots'ce
1029 3569 1086 3613 sur
1108 3551 1260 3636 quelques
1281 3551 1449 3618 raddotllcs
1468 3553 1526 3617 des
1545 3552 1629 3616 Ros‘s
1648 3552 1689 3616 dc
1704 3553 1740 3620 tc
1754 3549 1953 3628 Bactriano,
1976 3547 2140 3614 liutadus

521 3663 665 3730 Journal
681 3663 738 3726 des
762 3657 901 3728 Saccus.
930 3665 1024 3728 1835.
1053 3660 1116 3746 4.).
1160 3661 1363 3752 Epigraphns
1386 3685 1495 3730 earum
1518 3665 1663 3729 Persicas
1690 3659 1843 3748 peculiari
1862 3658 1974 3726 libello
1998 3659 2139 3726 illustra·

521 3789 610 3842 turus
632 3789 680 3840 est
705 3773 885 3862 lacquetus.
1802 3762 1808 3781 ‘

647 3894 684 3970 4)
721 3888 772 3952 Ad
801 3887 886 3952 ident
921 3887 1097 3972 scripturae
1132 3907 1235 3974 genus
1269 3885 1349 3952 mibi
1385 3889 1544 3973 pertinere
1581 3887 1729 3952 ridentur
1757 3889 1951 3950 numismata
1985 3885 2138 3971 quaedam

523 3999 757 4086 Pamphyliae,
779 3997 895 4064 litteris
916 4001 1086 4086 iuscripta,
1110 4019 1192 4084 quae
1213 3997 1404 4086 phoeniciae
1426 3996 1521 4088 vulgo
1543 3997 1718 4086 appellatae
1740 4012 1832 4078 sunt,
1855 4020 1875 4061 a
1890 4000 2017 4062 nemine
2033 4012 2138 4061 mmen

522 4111 729 4200 probabiliter
751 4109 935 4176 enucleatae
959 4111 1052 4197 (vide
1073 4108 1130 4176 lib.
1153 4108 1210 4189 lll,
1235 4133 1304 4196 cap.
1329 4117 1348 4175 2
1369 4107 1466 4195 fine).

651 4221 797 4308 Denique
822 4227 853 4305 5)
875 4225 983 4324 pesclo
1005 4245 1047 4288 an
1068 4224 1182 4288 eodem
1205 4223 1392 4288 referendae
1414 4223 1478 4286 sint
1499 4227 1732 4308 ioscrs'prts'orscs
1750 4224 1907 4312 quaedam
1927 4225 1960 4287 in
1984 4219 2139 4285 lateribus

522 4334 711 4422 Babyloniis
742 4338 833 4400 iuxta
866 4337 1090 4422 inscriptiones
1121 4349 1273 4401 annectas
1302 4348 1467 4421 repertae,
1508 4357 1642 4424 quarum
1670 4337 1752 4402 duas
1780 4360 1799 4401 a
1830 4335 1975 4402 Bcllr'm'o
2005 4347 2038 4398 et
2064 4333 2140 4399 Ker

522 4454 665 4518 Portero
690 4469 775 4514 anno
800 4455 880 4514 1818
910 4451 944 4516 ia
968 4451 1069 4514 ruinis
1090 4444 1267 4531 Babylonis
1298 4461 1440 4534 repertas
1468 4446 1660 4514 exhibemus
1689 4452 1785 4515 inscr.
1812 4453 1854 4516 77
1882 4472 1912 4513 a.
1943 4449 1963 4513 b
1993 4470 2036 4512 ex
2064 4467 2140 4532 apo·

523 4561 644 4652 grapho
660 4561 773 4650 Hugii,
789 4563 870 4650 quod
887 4560 1069 4646 exemplum
1084 4557 1217 4624 Belliuii
1231 4573 1378 4626 accurate
1394 4562 1546 4626 imitatur.
1569 4564 1711 4628 Priorem
1727 4563 1790 4625 iarn
1806 4549 1891 4625 dedit
1904 4559 2142 4638 Grotffcrsds‘as

524 4671 771 4764 (Fuadgrubau
790 4676 847 4742 des
871 4675 1003 4740 Oriente
1024 4671 1072 4736 Vl
1093 4694 1123 4757 p.
1142 4677 1213 4738 161.
1234 4678 1295 4738 toa
1309 4686 1335 4754 t,
1369 4675 1454 4742 uode
1474 4675 1678 4761 proiecerunt
1700 4673 1845 4759 Koppius
1868 4671 1929 4756 qil,
1952 4693 1981 4757 p.
2005 4670 2087 4754 154)
2109 4682 2140 4730 et

524 4787 580 4860 elii
600 4789 710 4867 multi,
739 4786 834 4876 paulo
848 4785 941 4852 aliter
954 4783 1147 4850 delineatam
1170 4789 1218 4864 (v.
1237 4807 1288 4852 no.
1304 4791 1356 4868 ⁷⁷,
1376 4788 1436 4874 aa)
1458 4787 1623 4852 Rodartus
1641 4783 1718 4850 Kar
1732 4785 1855 4849 Porter
1870 4779 2027 4866 (Travels
2041 4777 2081 4843 Τ.
2097 4777 2138 4844 ll.

576 5013 603 5112 l)
624 5045 791 5098 Memoratnr
816 5041 951 5111 antiquior
972 5043 1041 5095 haec
1064 5041 1203 5095 Persarum
1231 5042 1298 5096 scri·
1366 5041 1514 5112 assyriacas
1528 5040 1642 5107 appellat
1662 5039 1762 5091 ilerod.
1779 5035 1806 5102 l,
1823 5040 1865 5089 et.
1900 5037 1933 5088 Et
1947 5035 1983 5088 ita
1998 5035 2140 5104 Thucydi-

526 5149 603 5211 ptcra
632 5141 659 5193 in
687 5137 829 5209 Epiphanii
854 5140 931 5204 ioco,
966 5155 1044 5208 quem
1069 5140 1103 5192 sd
1131 5137 1159 5208 5.
1181 5137 1216 5193 54
1242 5156 1299 5193 ex·
1367 5141 1414 5192 des
1432 5135 1505 5203 (tv,
1525 5132 1575 5200 ⁵0)
1594 5132 1865 5202 memoratepistoies
1882 5132 2045 5189 Artaxerxis
2063 5132 2140 5186 litte-

526 5236 688 5306 scripsimns.
731 5237 774 5288 De
791 5221 1010 5302 inscriptionibus
1036 5235 1112 5290 Darii
1131 5235 1244 5306 persicis
1265 5237 1298 5289 ed
1367 5234 1405 5288 ris
1423 5229 1563 5298 assyriaois
1581 5229 1702 5298 scriptae.

526 5335 678 5402 Bosporum
703 5331 766 5386 ride
790 5331 913 5384 strabon.
941 5333 1012 5394 XV,
1040 5350 1066 5400 p.
1091 5335 1160 5401 602,
1192 5333 1299 5386 eosdem
1418 5317 1632 5392 ”truncatim
1648 5325 2139 5396 Koppiisenrenttsertu,p2ttosqq.
