<?xml version="1.0" encoding="UTF-8"?>
<!DOCTYPE html PUBLIC "-//W3C//DTD XHTML 1.0 Transitional//EN"
    "http://www.w3.org/TR/xhtml1/DTD/xhtml1-transitional.dtd">
<html xmlns="http://www.w3.org/1999/xhtml" xml:lang="en" lang="en">
 <head>
  <title>
</title>
<meta http-equiv="Content-Type" content="text/html;charset=utf-8" />
  <meta name='ocr-system' content='tesseract 3.04.00' />
  <meta name='ocr-capabilities' content='ocr_page ocr_carea ocr_par ocr_line ocrx_word'/>
</head>
<body>
  <div class='ocr_page' id='page_1' title='image "./scripturaelingu00gesegoog_0434.png"; bbox 0 0 4938 6302; ppageno 0'>
   <div class='ocr_carea' id='block_1_1' title="bbox 432 607 1965 690">
    <p class='ocr_par' dir='ltr' id='par_1_1' title="bbox 432 607 1965 690">
     <span class='ocr_line' id='line_1_1' title="bbox 432 607 1965 690; baseline 0.001 -13"><span class='ocrx_word' id='word_1_1' title='bbox 432 623 436 632; x_wconf 84' lang='lat'><strong><em>&#39;</em></strong></span> <span class='ocrx_word' id='word_1_2' title='bbox 506 611 544 680; x_wconf 89' lang='lat' dir='ltr'><strong>C.</strong></span> <span class='ocrx_word' id='word_1_3' title='bbox 581 609 764 678; x_wconf 79' lang='lat' dir='ltr'>NOMINA</span> <span class='ocrx_word' id='word_1_4' title='bbox 784 609 974 678; x_wconf 80' lang='lat' dir='ltr'><strong>PROPRIA</strong></span> <span class='ocrx_word' id='word_1_5' title='bbox 995 607 1213 678; x_wconf 87' lang='lat' dir='ltr'><strong>HOMlNUM</strong></span> <span class='ocrx_word' id='word_1_6' title='bbox 1235 611 1295 678; x_wconf 82' lang='grc' dir='ltr'><strong>ΕΤ</strong></span> <span class='ocrx_word' id='word_1_7' title='bbox 1318 611 1511 682; x_wconf 80' lang='lat' dir='ltr'><strong>DEORUM</strong></span> <span class='ocrx_word' id='word_1_8' title='bbox 1534 608 1805 680; x_wconf 73' lang='lat' dir='ltr'><strong>sxrntcn‘tn.</strong></span> <span class='ocrx_word' id='word_1_9' title='bbox 1890 615 1965 690; x_wconf 85' lang='grc'><strong>397</strong></span> 
     </span>
    </p>
   </div>
   <div class='ocr_carea' id='block_1_2' title="bbox 323 797 2047 1906">
    <p class='ocr_par' dir='ltr' id='par_1_2' title="bbox 323 797 2047 1906">
     <span class='ocr_line' id='line_1_2' title="bbox 343 797 1967 893; baseline -0.002 -21"><span class='ocrx_word' id='word_1_10' title='bbox 343 819 439 893; x_wconf 87' lang='lat' dir='ltr'><strong>atque</strong></span> <span class='ocrx_word' id='word_1_11' title='bbox 464 799 683 868; x_wconf 82' lang='lat' dir='ltr'><strong>Conciliorum</strong></span> <span class='ocrx_word' id='word_1_12' title='bbox 705 798 812 880; x_wconf 88' lang='lat' dir='ltr'><strong>Actia,</strong></span> <span class='ocrx_word' id='word_1_13' title='bbox 841 821 1020 888; x_wconf 79' lang='lat' dir='ltr'><strong>quanquam</strong></span> <span class='ocrx_word' id='word_1_14' title='bbox 1042 799 1123 866; x_wconf 91' lang='lat' dir='ltr'><strong>haec</strong></span> <span class='ocrx_word' id='word_1_15' title='bbox 1145 797 1401 866; x_wconf 88' lang='lat' dir='ltr'><strong>Christianorum</strong></span> <span class='ocrx_word' id='word_1_16' title='bbox 1423 801 1612 886; x_wconf 88' lang='lat' dir='ltr'><strong>scriptorum</strong></span> <span class='ocrx_word' id='word_1_17' title='bbox 1635 801 1825 868; x_wconf 91' lang='lat' dir='ltr'><strong>documenta</strong></span> <span class='ocrx_word' id='word_1_18' title='bbox 1845 799 1967 890; x_wconf 85' lang='lat' dir='ltr'><strong>largius</strong></span> 
     </span>
     <span class='ocr_line' id='line_1_3' title="bbox 343 911 1967 1006; baseline -0.002 -22"><span class='ocrx_word' id='word_1_19' title='bbox 343 915 543 1006; x_wconf 72' lang='lat' dir='ltr'><strong>spicilegium</strong></span> <span class='ocrx_word' id='word_1_20' title='bbox 574 915 615 979; x_wconf 92' lang='lat' dir='ltr'><strong>ad</strong></span> <span class='ocrx_word' id='word_1_21' title='bbox 638 912 770 978; x_wconf 87' lang='lat' dir='ltr'><strong>alteram</strong></span> <span class='ocrx_word' id='word_1_22' title='bbox 794 927 935 980; x_wconf 87' lang='lat' dir='ltr'><strong>nostram</strong></span> <span class='ocrx_word' id='word_1_23' title='bbox 955 916 1095 978; x_wconf 90' lang='lat' dir='ltr'><strong>indicem</strong></span> <span class='ocrx_word' id='word_1_24' title='bbox 1121 911 1200 998; x_wconf 89' lang='lat' dir='ltr'><strong>(litt.</strong></span> <span class='ocrx_word' id='word_1_25' title='bbox 1223 911 1275 998; x_wconf 87' lang='lat' dir='ltr'><strong>D)</strong></span> <span class='ocrx_word' id='word_1_26' title='bbox 1295 911 1549 1001; x_wconf 88' lang='lat' dir='ltr'><strong>locupletandam</strong></span> <span class='ocrx_word' id='word_1_27' title='bbox 1572 915 1824 1000; x_wconf 75' lang='lat' dir='ltr'><strong>suppeditarunt.</strong></span> <span class='ocrx_word' id='word_1_28' title='bbox 1866 915 1967 982; x_wconf 87' lang='lat' dir='ltr'><strong>Addi-</strong></span> 
     </span>
     <span class='ocr_line' id='line_1_4' title="bbox 344 1025 1965 1124; baseline -0.002 -27"><span class='ocrx_word' id='word_1_29' title='bbox 344 1032 470 1124; x_wconf 84' lang='lat' dir='ltr'><strong>dimus,</strong></span> <span class='ocrx_word' id='word_1_30' title='bbox 500 1048 581 1115; x_wconf 91' lang='lat' dir='ltr'><strong>quae</strong></span> <span class='ocrx_word' id='word_1_31' title='bbox 604 1027 644 1091; x_wconf 92' lang='lat' dir='ltr'><strong>de</strong></span> <span class='ocrx_word' id='word_1_32' title='bbox 669 1027 801 1091; x_wconf 89' lang='lat' dir='ltr'><strong>deorum</strong></span> <span class='ocrx_word' id='word_1_33' title='bbox 823 1026 1023 1114; x_wconf 91' lang='lat' dir='ltr'><strong>heronmque</strong></span> <span class='ocrx_word' id='word_1_34' title='bbox 1045 1028 1229 1092; x_wconf 91' lang='lat' dir='ltr'><strong>nominihus</strong></span> <span class='ocrx_word' id='word_1_35' title='bbox 1243 1029 1417 1092; x_wconf 87' lang='lat' dir='ltr'><strong>memoriae</strong></span> <span class='ocrx_word' id='word_1_36' title='bbox 1434 1028 1668 1113; x_wconf 71' lang='lat' dir='ltr'><strong>proditasunt:</strong></span> <span class='ocrx_word' id='word_1_37' title='bbox 1691 1025 1838 1092; x_wconf 90' lang='lat' dir='ltr'><strong>consulto</strong></span> <span class='ocrx_word' id='word_1_38' title='bbox 1859 1029 1965 1094; x_wconf 78' lang='lat' dir='ltr'><strong>autern</strong></span> 
     </span>
     <span class='ocr_line' id='line_1_5' title="bbox 344 1115 1966 1228; baseline -0.001 -18"><span class='ocrx_word' id='word_1_39' title='bbox 344 1145 511 1210; x_wconf 86' lang='lat' dir='ltr'><strong>omisimus</strong></span> <span class='ocrx_word' id='word_1_40' title='bbox 535 1142 668 1206; x_wconf 88' lang='lat' dir='ltr'><strong>nomina</strong></span> <span class='ocrx_word' id='word_1_41' title='bbox 688 1153 755 1204; x_wconf 90' lang='lat' dir='ltr'><strong>turn</strong></span> <span class='ocrx_word' id='word_1_42' title='bbox 778 1136 985 1218; x_wconf 82' lang='lat' dir='ltr'><strong>Cabiromm&#39;,</strong></span> <span class='ocrx_word' id='word_1_43' title='bbox 1007 1153 1074 1204; x_wconf 89' lang='lat' dir='ltr'><strong>tum</strong></span> <span class='ocrx_word' id='word_1_44' title='bbox 1087 1115 1208 1226; x_wconf 48' lang='lat' dir='ltr'><strong>&#39;regum</strong></span> <span class='ocrx_word' id='word_1_45' title='bbox 1231 1139 1401 1206; x_wconf 73' lang='lat' dir='ltr'><strong>Pastorum</strong></span> <span class='ocrx_word' id='word_1_46' title='bbox 1422 1139 1554 1224; x_wconf 79' lang='lat' dir='ltr'><strong>Hyssos</strong></span> <span class='ocrx_word' id='word_1_47' title='bbox 1573 1141 1748 1218; x_wconf 85' lang='lat' dir='ltr'><strong>dictorum,</strong></span> <span class='ocrx_word' id='word_1_48' title='bbox 1770 1141 1810 1205; x_wconf 93' lang='lat' dir='ltr'><strong>de</strong></span> <span class='ocrx_word' id='word_1_49' title='bbox 1831 1163 1966 1228; x_wconf 91' lang='lat' dir='ltr'><strong>quorum</strong></span> 
     </span>
     <span class='ocr_line' id='line_1_6' title="bbox 344 1245 1967 1341; baseline -0.001 -21"><span class='ocrx_word' id='word_1_50' title='bbox 344 1255 469 1341; x_wconf 91' lang='lat' dir='ltr'><strong>origiue</strong></span> <span class='ocrx_word' id='word_1_51' title='bbox 491 1245 668 1320; x_wconf 85' lang='lat' dir='ltr'><strong>Phoe&#39;uicia</strong></span> <span class='ocrx_word' id='word_1_52' title='bbox 690 1265 819 1337; x_wconf 85' lang='lat' dir='ltr'><strong>propter</strong></span> <span class='ocrx_word' id='word_1_53' title='bbox 840 1250 960 1316; x_wconf 87' lang='lat' dir='ltr'><strong>lormas</strong></span> <span class='ocrx_word' id='word_1_54' title='bbox 982 1249 1209 1319; x_wconf 75' lang='lat' dir='ltr'><strong>insolentiores</strong></span> <span class='ocrx_word' id='word_1_55' title='bbox 1232 1267 1264 1317; x_wconf 88' lang='lat' dir='ltr'><strong>et</strong></span> <span class='ocrx_word' id='word_1_56' title='bbox 1285 1277 1305 1318; x_wconf 86' lang='lat' dir='ltr'><strong>a</strong></span> <span class='ocrx_word' id='word_1_57' title='bbox 1326 1251 1520 1340; x_wconf 89' lang='lat' dir='ltr'><strong>reliquorum</strong></span> <span class='ocrx_word' id='word_1_58' title='bbox 1543 1253 1626 1318; x_wconf 82' lang='lat' dir='ltr'><strong>facie</strong></span> <span class='ocrx_word' id='word_1_59' title='bbox 1642 1252 1852 1318; x_wconf 76' lang='lat' dir='ltr'><strong>abhorrentes</strong></span> <span class='ocrx_word' id='word_1_60' title='bbox 1873 1252 1967 1318; x_wconf 90' lang='lat' dir='ltr'><strong>dubi-</strong></span> 
     </span>
     <span class='ocr_line' id='line_1_7' title="bbox 343 1361 1965 1453; baseline -0.002 -19"><span class='ocrx_word' id='word_1_61' title='bbox 343 1383 446 1434; x_wconf 81' lang='lat' dir='ltr'><strong>umus</strong></span> <span class='ocrx_word' id='word_1_62' title='bbox 476 1386 675 1453; x_wconf 87' lang='lat' dir='ltr'><strong>quarumque</strong></span> <span class='ocrx_word' id='word_1_63' title='bbox 695 1361 941 1451; x_wconf 75' lang='lat' dir='ltr'><strong>explicationem</strong></span> <span class='ocrx_word' id='word_1_64' title='bbox 964 1363 1005 1428; x_wconf 90' lang='lat' dir='ltr'><strong>ab</strong></span> <span class='ocrx_word' id='word_1_65' title='bbox 1027 1364 1100 1430; x_wconf 91' lang='lat' dir='ltr'><strong>aliis</strong></span> <span class='ocrx_word' id='word_1_66' title='bbox 1120 1369 1316 1452; x_wconf 87' lang='lat' dir='ltr'><strong>propositam</strong></span> <span class='ocrx_word' id='word_1_67' title='bbox 1340 1381 1482 1432; x_wconf 88' lang='lat' dir='ltr'><strong>nostram</strong></span> <span class='ocrx_word' id='word_1_68' title='bbox 1503 1367 1609 1432; x_wconf 88' lang='lat' dir='ltr'><strong>lacere</strong></span> <span class='ocrx_word' id='word_1_69' title='bbox 1639 1389 1703 1432; x_wconf 93' lang='lat' dir='ltr'><strong>non</strong></span> <span class='ocrx_word' id='word_1_70' title='bbox 1729 1368 1891 1452; x_wconf 91' lang='lat' dir='ltr'><strong>potuimus</strong></span> <span class='ocrx_word' id='word_1_71' title='bbox 1920 1367 1965 1451; x_wconf 76' lang='lat'><strong>&#39;):</strong></span> 
     </span>
     <span class='ocr_line' id='line_1_8' title="bbox 344 1473 1966 1564; baseline -0.002 -18"><span class='ocrx_word' id='word_1_72' title='bbox 344 1482 511 1546; x_wconf 87' lang='lat' dir='ltr'><strong>omisimus</strong></span> <span class='ocrx_word' id='word_1_73' title='bbox 539 1481 635 1544; x_wconf 90' lang='lat' dir='ltr'><strong>etiarn</strong></span> <span class='ocrx_word' id='word_1_74' title='bbox 661 1475 815 1564; x_wconf 88' lang='lat' dir='ltr'><strong>pleraque</strong></span> <span class='ocrx_word' id='word_1_75' title='bbox 844 1473 1036 1563; x_wconf 86' lang='lat' dir='ltr'><strong>Cypriorum</strong></span> <span class='ocrx_word' id='word_1_76' title='bbox 1067 1476 1232 1544; x_wconf 91' lang='lat' dir='ltr'><strong>hominum</strong></span> <span class='ocrx_word' id='word_1_77' title='bbox 1262 1481 1394 1544; x_wconf 78' lang='lat' dir='ltr'><strong>numina</strong></span> <span class='ocrx_word' id='word_1_78' title='bbox 1426 1479 1466 1545; x_wconf 90' lang='lat' dir='ltr'><strong>ab</strong></span> <span class='ocrx_word' id='word_1_79' title='bbox 1495 1479 1682 1544; x_wconf 82' lang='lat' dir='ltr'><strong>Hemalrero</strong></span> <span class='ocrx_word' id='word_1_80' title='bbox 1704 1491 1848 1564; x_wconf 86' lang='lat' dir='ltr'><strong>recepta,</strong></span> <span class='ocrx_word' id='word_1_81' title='bbox 1884 1499 1966 1564; x_wconf 91' lang='lat' dir='ltr'><strong>quae</strong></span> 
     </span>
     <span class='ocr_line' id='line_1_9' title="bbox 323 1588 2047 1680; baseline -0.001 -22"><span class='ocrx_word' id='word_1_82' title='bbox 323 1593 440 1658; x_wconf 81' lang='lat' dir='ltr'><strong>nohis</strong></span> <span class='ocrx_word' id='word_1_83' title='bbox 476 1611 612 1680; x_wconf 90' lang='lat' dir='ltr'><strong>graecae</strong></span> <span class='ocrx_word' id='word_1_84' title='bbox 650 1591 785 1676; x_wconf 87' lang='lat' dir='ltr'><strong>originis</strong></span> <span class='ocrx_word' id='word_1_85' title='bbox 820 1589 978 1655; x_wconf 87' lang='lat' dir='ltr'><strong>videntur.</strong></span> <span class='ocrx_word' id='word_1_86' title='bbox 1034 1588 1070 1654; x_wconf 90' lang='lat' dir='ltr'><strong>ln</strong></span> <span class='ocrx_word' id='word_1_87' title='bbox 1107 1591 1315 1678; x_wconf 84' lang='lat' dir='ltr'><strong>disponendis</strong></span> <span class='ocrx_word' id='word_1_88' title='bbox 1355 1605 1461 1658; x_wconf 91' lang='lat' dir='ltr'><strong>antem</strong></span> <span class='ocrx_word' id='word_1_89' title='bbox 1497 1591 1548 1657; x_wconf 91' lang='lat' dir='ltr'><strong>his</strong></span> <span class='ocrx_word' id='word_1_90' title='bbox 1584 1591 1769 1658; x_wconf 88' lang='lat' dir='ltr'><strong>nominibus</strong></span> <span class='ocrx_word' id='word_1_91' title='bbox 1794 1589 1966 1656; x_wconf 88' lang='lat' dir='ltr'><strong>latinarum</strong></span> <span class='ocrx_word' id='word_1_92' title='bbox 2046 1662 2047 1666; x_wconf 44' lang='lat'>,</span> 
     </span>
     <span class='ocr_line' id='line_1_10' title="bbox 344 1702 1967 1791; baseline -0.004 -19"><span class='ocrx_word' id='word_1_93' title='bbox 344 1705 523 1772; x_wconf 79' lang='lat' dir='ltr'><strong>littermum</strong></span> <span class='ocrx_word' id='word_1_94' title='bbox 560 1704 678 1768; x_wconf 89' lang='lat' dir='ltr'><strong>seriem</strong></span> <span class='ocrx_word' id='word_1_95' title='bbox 713 1703 814 1766; x_wconf 77' lang='lat' dir='ltr'><strong>secod</strong></span> <span class='ocrx_word' id='word_1_96' title='bbox 850 1723 961 1767; x_wconf 86' lang='lat' dir='ltr'><strong>sumus</strong></span> <span class='ocrx_word' id='word_1_97' title='bbox 998 1702 1198 1791; x_wconf 77' lang='lat' dir='ltr'><strong>formamque</strong></span> <span class='ocrx_word' id='word_1_98' title='bbox 1219 1706 1396 1784; x_wconf 56' lang='lat' dir='ltr'><strong>latinam,</strong></span> <span class='ocrx_word' id='word_1_99' title='bbox 1433 1704 1490 1770; x_wconf 89' lang='lat' dir='ltr'><strong>ubi</strong></span> <span class='ocrx_word' id='word_1_100' title='bbox 1519 1704 1593 1770; x_wconf 90' lang='lat' dir='ltr'><strong>talis</strong></span> <span class='ocrx_word' id='word_1_101' title='bbox 1621 1704 1786 1783; x_wconf 87' lang='lat' dir='ltr'><strong>exstabat,</strong></span> <span class='ocrx_word' id='word_1_102' title='bbox 1824 1702 1967 1768; x_wconf 86' lang='lat' dir='ltr'><strong>Graecae</strong></span> 
     </span>
     <span class='ocr_line' id='line_1_11' title="bbox 344 1813 1969 1906; baseline -0.004 -20"><span class='ocrx_word' id='word_1_103' title='bbox 344 1819 588 1906; x_wconf 80' lang='lat' dir='ltr'><strong>anteposuimus</strong></span> <span class='ocrx_word' id='word_1_104' title='bbox 613 1817 730 1880; x_wconf 88' lang='lat' dir='ltr'><strong>iccirco</strong></span> <span class='ocrx_word' id='word_1_105' title='bbox 757 1815 841 1901; x_wconf 92' lang='lat' dir='ltr'><strong>quod</strong></span> <span class='ocrx_word' id='word_1_106' title='bbox 870 1813 1009 1879; x_wconf 88' lang='lat' dir='ltr'><strong>Romani</strong></span> <span class='ocrx_word' id='word_1_107' title='bbox 1037 1815 1268 1882; x_wconf 87' lang='lat' dir='ltr'><strong>vocabulorum</strong></span> <span class='ocrx_word' id='word_1_108' title='bbox 1297 1817 1490 1883; x_wconf 85' lang='lat' dir='ltr'><strong>Punicorum</strong></span> <span class='ocrx_word' id='word_1_109' title='bbox 1519 1818 1655 1883; x_wconf 85' lang='lat' dir='ltr'><strong>formam</strong></span> <span class='ocrx_word' id='word_1_110' title='bbox 1677 1816 1864 1904; x_wconf 89' lang='lat' dir='ltr'><strong>plerumque</strong></span> <span class='ocrx_word' id='word_1_111' title='bbox 1885 1817 1969 1880; x_wconf 87' lang='lat' dir='ltr'><strong>inte·</strong></span> 
     </span>
    </p>
   </div>
   <div class='ocr_carea' id='block_1_3' title="bbox 344 1924 2137 2019">
    <p class='ocr_par' dir='ltr' id='par_1_3' title="bbox 344 1924 2137 2019">
     <span class='ocr_line' id='line_1_12' title="bbox 344 1924 2137 2019; baseline -0.003 -22"><span class='ocrx_word' id='word_1_112' title='bbox 344 1933 483 2019; x_wconf 89' lang='lat' dir='ltr'><strong>griorem</strong></span> <span class='ocrx_word' id='word_1_113' title='bbox 513 1940 701 2014; x_wconf 83' lang='lat' dir='ltr'><strong>servarunt,</strong></span> <span class='ocrx_word' id='word_1_114' title='bbox 730 1949 826 2014; x_wconf 88' lang='lat' dir='ltr'><strong>quam</strong></span> <span class='ocrx_word' id='word_1_115' title='bbox 854 1924 992 2008; x_wconf 85' lang='lat' dir='ltr'><strong>Graeci,</strong></span> <span class='ocrx_word' id='word_1_116' title='bbox 1029 1930 1084 2016; x_wconf 92' lang='lat' dir='ltr'><strong>qui</strong></span> <span class='ocrx_word' id='word_1_117' title='bbox 1114 1929 1147 1994; x_wconf 88' lang='lat' dir='ltr'><strong>iu</strong></span> <span class='ocrx_word' id='word_1_118' title='bbox 1177 1933 1354 2018; x_wconf 89' lang='lat' dir='ltr'><strong>peregrinis</strong></span> <span class='ocrx_word' id='word_1_119' title='bbox 1377 1931 1561 1996; x_wconf 89' lang='lat' dir='ltr'><strong>nominihus</strong></span> <span class='ocrx_word' id='word_1_120' title='bbox 1582 1953 1660 1997; x_wconf 89' lang='lat' dir='ltr'><strong>suae</strong></span> <span class='ocrx_word' id='word_1_121' title='bbox 1680 1929 1810 2019; x_wconf 89' lang='lat' dir='ltr'><strong>linguae</strong></span> <span class='ocrx_word' id='word_1_122' title='bbox 1833 1949 1967 1995; x_wconf 88' lang='lat' dir='ltr'><strong>consue·</strong></span> <span class='ocrx_word' id='word_1_123' title='bbox 2135 1951 2137 1958; x_wconf 72' lang='grc'><em>’</em></span> 
     </span>
    </p>
   </div>
   <div class='ocr_carea' id='block_1_4' title="bbox 343 2036 934 2126">
    <p class='ocr_par' dir='ltr' id='par_1_4' title="bbox 343 2036 934 2126">
     <span class='ocr_line' id='line_1_13' title="bbox 343 2036 934 2126; baseline -0.012 -16"><span class='ocrx_word' id='word_1_124' title='bbox 343 2045 447 2110; x_wconf 89' lang='lat' dir='ltr'><strong>tudini</strong></span> <span class='ocrx_word' id='word_1_125' title='bbox 467 2043 565 2110; x_wconf 89' lang='lat' dir='ltr'><strong>nimis</strong></span> <span class='ocrx_word' id='word_1_126' title='bbox 586 2036 752 2126; x_wconf 86' lang='lat' dir='ltr'><strong>indulgere</strong></span> <span class='ocrx_word' id='word_1_127' title='bbox 774 2037 934 2105; x_wconf 88' lang='lat' dir='ltr'><strong>solebant.</strong></span> 
     </span>
    </p>
   </div>
   <div class='ocr_carea' id='block_1_5' title="bbox 343 2183 1970 2840">
    <p class='ocr_par' dir='ltr' id='par_1_5' title="bbox 343 2183 1970 2840">
     <span class='ocr_line' id='line_1_14' title="bbox 471 2183 1967 2270; baseline -0.001 -16"><span class='ocrx_word' id='word_1_128' title='bbox 471 2193 503 2254; x_wconf 78' lang='lat'><strong>2.</strong></span> <span class='ocrx_word' id='word_1_129' title='bbox 546 2185 655 2265; x_wconf 79' lang='lat' dir='ltr'><strong>Quum</strong></span> <span class='ocrx_word' id='word_1_130' title='bbox 691 2187 813 2252; x_wconf 84' lang='lat' dir='ltr'><strong>eximia</strong></span> <span class='ocrx_word' id='word_1_131' title='bbox 847 2189 891 2250; x_wconf 86' lang='lat' dir='ltr'><strong>sit</strong></span> <span class='ocrx_word' id='word_1_132' title='bbox 928 2183 1044 2252; x_wconf 91' lang='lat' dir='ltr'><strong>borum</strong></span> <span class='ocrx_word' id='word_1_133' title='bbox 1075 2190 1259 2270; x_wconf 89' lang='lat' dir='ltr'><strong>nominum,</strong></span> <span class='ocrx_word' id='word_1_134' title='bbox 1301 2191 1443 2256; x_wconf 84' lang='lat' dir='ltr'><strong>maxime</strong></span> <span class='ocrx_word' id='word_1_135' title='bbox 1470 2191 1646 2270; x_wconf 90' lang='lat' dir='ltr'><strong>rariorum,</strong></span> <span class='ocrx_word' id='word_1_136' title='bbox 1683 2191 1717 2254; x_wconf 90' lang='lat' dir='ltr'><strong>in</strong></span> <span class='ocrx_word' id='word_1_137' title='bbox 1749 2186 1842 2253; x_wconf 86' lang='lat' dir='ltr'><strong>libris</strong></span> <span class='ocrx_word' id='word_1_138' title='bbox 1870 2209 1967 2253; x_wconf 89' lang='lat' dir='ltr'><strong>manu</strong></span> 
     </span>
     <span class='ocr_line' id='line_1_15' title="bbox 343 2297 1969 2390; baseline -0.002 -22"><span class='ocrx_word' id='word_1_139' title='bbox 343 2303 471 2388; x_wconf 85' lang='lat' dir='ltr'><strong>scriptis</strong></span> <span class='ocrx_word' id='word_1_140' title='bbox 492 2297 675 2387; x_wconf 90' lang='lat' dir='ltr'><strong>corruptela</strong></span> <span class='ocrx_word' id='word_1_141' title='bbox 696 2311 789 2386; x_wconf 91' lang='lat' dir='ltr'><strong>atque</strong></span> <span class='ocrx_word' id='word_1_142' title='bbox 811 2299 989 2384; x_wconf 80' lang='lat' dir='ltr'><strong>scripturae</strong></span> <span class='ocrx_word' id='word_1_143' title='bbox 1012 2303 1169 2383; x_wconf 84' lang='lat' dir='ltr'><strong>varietas,</strong></span> <span class='ocrx_word' id='word_1_144' title='bbox 1213 2303 1415 2390; x_wconf 85' lang='lat' dir='ltr'><strong>editoresque</strong></span> <span class='ocrx_word' id='word_1_145' title='bbox 1437 2305 1469 2367; x_wconf 92' lang='lat' dir='ltr'><strong>in</strong></span> <span class='ocrx_word' id='word_1_146' title='bbox 1492 2303 1597 2368; x_wconf 81' lang='lat' dir='ltr'><strong>forma</strong></span> <span class='ocrx_word' id='word_1_147' title='bbox 1618 2324 1728 2367; x_wconf 88' lang='lat' dir='ltr'><strong>earum</strong></span> <span class='ocrx_word' id='word_1_148' title='bbox 1747 2301 1969 2366; x_wconf 88' lang='lat' dir='ltr'><strong>constituenda</strong></span> 
     </span>
     <span class='ocr_line' id='line_1_16' title="bbox 344 2408 1968 2504; baseline -0.002 -22"><span class='ocrx_word' id='word_1_149' title='bbox 344 2437 442 2502; x_wconf 81' lang='lat' dir='ltr'><strong>saepe</strong></span> <span class='ocrx_word' id='word_1_150' title='bbox 471 2411 599 2486; x_wconf 80' lang='lat' dir='ltr'><strong>consilii</strong></span> <span class='ocrx_word' id='word_1_151' title='bbox 626 2414 740 2497; x_wconf 83' lang='lat' dir='ltr'><strong>inopes</strong></span> <span class='ocrx_word' id='word_1_152' title='bbox 770 2408 834 2476; x_wconf 93' lang='lat' dir='ltr'><strong>huc</strong></span> <span class='ocrx_word' id='word_1_153' title='bbox 870 2409 949 2476; x_wconf 91' lang='lat' dir='ltr'><strong>illuc</strong></span> <span class='ocrx_word' id='word_1_154' title='bbox 977 2411 1152 2494; x_wconf 86' lang='lat' dir='ltr'><strong>fluctuent,</strong></span> <span class='ocrx_word' id='word_1_155' title='bbox 1189 2413 1335 2482; x_wconf 89' lang='lat' dir='ltr'><strong>adhibito</strong></span> <span class='ocrx_word' id='word_1_156' title='bbox 1364 2433 1520 2504; x_wconf 89' lang='lat' dir='ltr'><strong>apparatu</strong></span> <span class='ocrx_word' id='word_1_157' title='bbox 1551 2418 1661 2481; x_wconf 89' lang='lat' dir='ltr'><strong>critico</strong></span> <span class='ocrx_word' id='word_1_158' title='bbox 1690 2415 1809 2501; x_wconf 88' lang='lat' dir='ltr'><strong>ubique</strong></span> <span class='ocrx_word' id='word_1_159' title='bbox 1837 2435 1968 2501; x_wconf 91' lang='lat' dir='ltr'><strong>operam</strong></span> 
     </span>
     <span class='ocr_line' id='line_1_17' title="bbox 346 2521 1969 2614; baseline -0.004 -21"><span class='ocrx_word' id='word_1_160' title='bbox 346 2529 509 2608; x_wconf 86' lang='lat' dir='ltr'><strong>dedimus,</strong></span> <span class='ocrx_word' id='word_1_161' title='bbox 540 2537 595 2604; x_wconf 90' lang='lat' dir='ltr'><strong>ut,</strong></span> <span class='ocrx_word' id='word_1_162' title='bbox 634 2524 738 2610; x_wconf 90' lang='lat' dir='ltr'><strong>quoad</strong></span> <span class='ocrx_word' id='word_1_163' title='bbox 765 2521 838 2588; x_wconf 89' lang='lat' dir='ltr'><strong>fieri</strong></span> <span class='ocrx_word' id='word_1_164' title='bbox 866 2537 993 2610; x_wconf 88' lang='lat' dir='ltr'><strong>posset,</strong></span> <span class='ocrx_word' id='word_1_165' title='bbox 1029 2528 1203 2612; x_wconf 87' lang='lat' dir='ltr'><strong>genuinam</strong></span> <span class='ocrx_word' id='word_1_166' title='bbox 1233 2549 1344 2594; x_wconf 92' lang='lat' dir='ltr'><strong>eorum</strong></span> <span class='ocrx_word' id='word_1_167' title='bbox 1374 2532 1563 2614; x_wconf 88' lang='lat' dir='ltr'><strong>scripturam</strong></span> <span class='ocrx_word' id='word_1_168' title='bbox 1592 2532 1855 2605; x_wconf 85' lang='lat' dir='ltr'><strong>restitueremus,</strong></span> <span class='ocrx_word' id='word_1_169' title='bbox 1887 2545 1969 2612; x_wconf 89' lang='lat' dir='ltr'><strong>quae</strong></span> 
     </span>
     <span class='ocr_line' id='line_1_18' title="bbox 345 2635 1970 2727; baseline -0.002 -21"><span class='ocrx_word' id='word_1_170' title='bbox 345 2661 417 2707; x_wconf 91' lang='lat' dir='ltr'><strong>cum</strong></span> <span class='ocrx_word' id='word_1_171' title='bbox 440 2651 547 2723; x_wconf 82' lang='lat' dir='ltr'><strong>etymo</strong></span> <span class='ocrx_word' id='word_1_172' title='bbox 569 2649 602 2702; x_wconf 92' lang='lat' dir='ltr'><strong>et</strong></span> <span class='ocrx_word' id='word_1_173' title='bbox 621 2635 752 2723; x_wconf 79' lang='lat' dir='ltr'><strong>liuguae</strong></span> <span class='ocrx_word' id='word_1_174' title='bbox 775 2635 915 2701; x_wconf 83' lang='lat' dir='ltr'><strong>Punicae</strong></span> <span class='ocrx_word' id='word_1_175' title='bbox 938 2635 1047 2702; x_wconf 92' lang='lat' dir='ltr'><strong>indole</strong></span> <span class='ocrx_word' id='word_1_176' title='bbox 1071 2653 1280 2726; x_wconf 82' lang='lat' dir='ltr'><strong>congrueret,</strong></span> <span class='ocrx_word' id='word_1_177' title='bbox 1304 2662 1367 2706; x_wconf 92' lang='lat' dir='ltr'><strong>non</strong></span> <span class='ocrx_word' id='word_1_178' title='bbox 1384 2641 1591 2727; x_wconf 86' lang='lat' dir='ltr'><strong>desperantes</strong></span> <span class='ocrx_word' id='word_1_179' title='bbox 1605 2641 1694 2727; x_wconf 82' lang='lat' dir='ltr'><strong>fore,</strong></span> <span class='ocrx_word' id='word_1_180' title='bbox 1717 2655 1752 2704; x_wconf 89' lang='lat' dir='ltr'><strong>ut</strong></span> <span class='ocrx_word' id='word_1_181' title='bbox 1773 2639 1835 2702; x_wconf 89' lang='lat' dir='ltr'><strong>hac</strong></span> <span class='ocrx_word' id='word_1_182' title='bbox 1858 2651 1970 2702; x_wconf 88' lang='lat' dir='ltr'><strong>nostra</strong></span> 
     </span>
     <span class='ocr_line' id='line_1_19' title="bbox 344 2739 1968 2840; baseline -0.003 -20"><span class='ocrx_word' id='word_1_183' title='bbox 344 2774 443 2840; x_wconf 88' lang='lat' dir='ltr'><strong>opera</strong></span> <span class='ocrx_word' id='word_1_184' title='bbox 462 2749 602 2838; x_wconf 86' lang='lat' dir='ltr'><strong>aliquam</strong></span> <span class='ocrx_word' id='word_1_185' title='bbox 625 2749 707 2836; x_wconf 89' lang='lat' dir='ltr'><strong>apud</strong></span> <span class='ocrx_word' id='word_1_186' title='bbox 729 2749 855 2814; x_wconf 80' lang='lat' dir='ltr'><strong>futuros</strong></span> <span class='ocrx_word' id='word_1_187' title='bbox 876 2747 1006 2814; x_wconf 90' lang='lat' dir='ltr'><strong>illorum</strong></span> <span class='ocrx_word' id='word_1_188' title='bbox 1021 2753 1214 2837; x_wconf 88' lang='lat' dir='ltr'><strong>scriptorum</strong></span> <span class='ocrx_word' id='word_1_189' title='bbox 1229 2753 1369 2817; x_wconf 88' lang='lat' dir='ltr'><strong>editores</strong></span> <span class='ocrx_word' id='word_1_190' title='bbox 1386 2739 1523 2839; x_wconf 77' lang='lat' dir='ltr'><strong>grhtiarn</strong></span> <span class='ocrx_word' id='word_1_191' title='bbox 1540 2758 1686 2819; x_wconf 88' lang='lat' dir='ltr'><strong>ineamus</strong></span> <span class='ocrx_word' id='word_1_192' title='bbox 1706 2753 1755 2840; x_wconf 85' lang='lat' dir='ltr'><strong>(v.</strong></span> <span class='ocrx_word' id='word_1_193' title='bbox 1770 2747 1968 2828; x_wconf 64' lang='lat' dir='ltr'><strong>Azemilcun</strong></span> 
     </span>
    </p>
   </div>
   <div class='ocr_carea' id='block_1_6' title="bbox 343 2859 1629 2970">
    <p class='ocr_par' dir='ltr' id='par_1_6' title="bbox 343 2859 1629 2970">
     <span class='ocr_line' id='line_1_20' title="bbox 343 2859 1629 2970; baseline -0.001 -38"><span class='ocrx_word' id='word_1_194' title='bbox 343 2864 536 2945; x_wconf 79' lang='lat' dir='ltr'><strong>Baletum,</strong></span> <span class='ocrx_word' id='word_1_195' title='bbox 552 2859 736 2954; x_wconf 26' lang='lat' dir='ltr'><strong>‚Athorhah</strong></span> <span class='ocrx_word' id='word_1_196' title='bbox 758 2859 911 2966; x_wconf 75' lang='lat' dir='ltr'><strong>Bithyas,</strong></span> <span class='ocrx_word' id='word_1_197' title='bbox 933 2861 1117 2948; x_wconf 88' lang='lat' dir='ltr'><strong>Myroalos,</strong></span> <span class='ocrx_word' id='word_1_198' title='bbox 1140 2863 1287 2951; x_wconf 75' lang='lat' dir='ltr'><strong>saphon,</strong></span> <span class='ocrx_word' id='word_1_199' title='bbox 1318 2864 1559 2951; x_wconf 86' lang='lat' dir='ltr'><strong>Methymatnus</strong></span> <span class='ocrx_word' id='word_1_200' title='bbox 1572 2867 1593 2950; x_wconf 93' lang='lat'><strong>).</strong></span> <span class='ocrx_word' id='word_1_201' title='bbox 1624 2959 1629 2970; x_wconf 32' lang='lat'><strong><em>¹</em></strong></span> 
     </span>
    </p>
   </div>
   <div class='ocr_carea' id='block_1_7' title="bbox 472 3023 1969 3118">
    <p class='ocr_par' dir='ltr' id='par_1_7' title="bbox 472 3023 1969 3118">
     <span class='ocr_line' id='line_1_21' title="bbox 472 3023 1969 3118; baseline -0.003 -22"><span class='ocrx_word' id='word_1_202' title='bbox 472 3034 518 3096; x_wconf 80' lang='lat'><strong>3..</strong></span> <span class='ocrx_word' id='word_1_203' title='bbox 548 3023 695 3092; x_wconf 85' lang='lat' dir='ltr'><strong>Maxima</strong></span> <span class='ocrx_word' id='word_1_204' title='bbox 712 3026 782 3090; x_wconf 85' lang='lat' dir='ltr'><strong>veri</strong></span> <span class='ocrx_word' id='word_1_205' title='bbox 804 3027 904 3110; x_wconf 88' lang='lat' dir='ltr'><strong>etymi</strong></span> <span class='ocrx_word' id='word_1_206' title='bbox 920 3028 1107 3092; x_wconf 84' lang='lat' dir='ltr'><strong>inveniendi</strong></span> <span class='ocrx_word' id='word_1_207' title='bbox 1121 3026 1291 3096; x_wconf 88' lang='lat' dir='ltr'><strong>difficultas</strong></span> <span class='ocrx_word' id='word_1_208' title='bbox 1308 3032 1448 3096; x_wconf 86' lang='lat' dir='ltr'><strong>cernitur</strong></span> <span class='ocrx_word' id='word_1_209' title='bbox 1465 3033 1498 3096; x_wconf 94' lang='lat' dir='ltr'><strong>in</strong></span> <span class='ocrx_word' id='word_1_210' title='bbox 1512 3033 1635 3118; x_wconf 90' lang='lat' dir='ltr'><strong>insigni</strong></span> <span class='ocrx_word' id='word_1_211' title='bbox 1645 3029 1793 3109; x_wconf 87' lang='lat' dir='ltr'><strong>licentia,</strong></span> <span class='ocrx_word' id='word_1_212' title='bbox 1816 3049 1880 3115; x_wconf 89' lang='lat' dir='ltr'><strong>qua</strong></span> <span class='ocrx_word' id='word_1_213' title='bbox 1900 3039 1969 3092; x_wconf 84' lang='lat' dir='ltr'><strong>turn</strong></span> 
     </span>
    </p>
   </div>
   <div class='ocr_carea' id='block_1_8' title="bbox 222 3135 1969 3232">
    <p class='ocr_par' dir='ltr' id='par_1_8' title="bbox 222 3135 1969 3232">
     <span class='ocr_line' id='line_1_22' title="bbox 222 3135 1969 3232; baseline -0.005 -22"><span class='ocrx_word' id='word_1_214' title='bbox 222 3155 226 3160; x_wconf 82' lang='lat'>&#39;</span> <span class='ocrx_word' id='word_1_215' title='bbox 343 3145 409 3232; x_wconf 89' lang='lat' dir='ltr'><strong>ipsi</strong></span> <span class='ocrx_word' id='word_1_216' title='bbox 430 3141 534 3208; x_wconf 84' lang='lat' dir='ltr'><strong>Poeni</strong></span> <span class='ocrx_word' id='word_1_217' title='bbox 555 3153 621 3206; x_wconf 89' lang='lat' dir='ltr'><strong>tum</strong></span> <span class='ocrx_word' id='word_1_218' title='bbox 646 3137 762 3204; x_wconf 87' lang='lat' dir='ltr'><strong>Graeci</strong></span> <span class='ocrx_word' id='word_1_219' title='bbox 784 3151 817 3200; x_wconf 92' lang='lat' dir='ltr'><strong>et</strong></span> <span class='ocrx_word' id='word_1_220' title='bbox 838 3135 977 3204; x_wconf 88' lang='lat' dir='ltr'><strong>Romani</strong></span> <span class='ocrx_word' id='word_1_221' title='bbox 998 3142 1032 3206; x_wconf 93' lang='lat' dir='ltr'><strong>in</strong></span> <span class='ocrx_word' id='word_1_222' title='bbox 1056 3140 1240 3208; x_wconf 91' lang='lat' dir='ltr'><strong>nominihus</strong></span> <span class='ocrx_word' id='word_1_223' title='bbox 1262 3142 1522 3224; x_wconf 68' lang='lat' dir='ltr'><strong>contrahendis,⁴</strong></span> <span class='ocrx_word' id='word_1_224' title='bbox 1545 3143 1767 3224; x_wconf 80' lang='lat' dir='ltr'><strong>decurrendis,</strong></span> <span class='ocrx_word' id='word_1_225' title='bbox 1801 3163 1842 3208; x_wconf 90' lang='lat' dir='ltr'><strong>ne</strong></span> <span class='ocrx_word' id='word_1_226' title='bbox 1865 3141 1969 3205; x_wconf 88' lang='lat' dir='ltr'><strong>dicem</strong></span> 
     </span>
    </p>
   </div>
   <div class='ocr_carea' id='block_1_9' title="bbox 344 3249 2062 4019">
    <p class='ocr_par' dir='ltr' id='par_1_9' title="bbox 344 3249 2062 4019">
     <span class='ocr_line' id='line_1_23' title="bbox 345 3249 1971 3343; baseline -0.005 -21"><span class='ocrx_word' id='word_1_227' title='bbox 345 3253 532 3322; x_wconf 88' lang='lat' dir='ltr'><strong>mutilandis</strong></span> <span class='ocrx_word' id='word_1_228' title='bbox 553 3254 605 3318; x_wconf 90' lang='lat' dir='ltr'><strong>usi</strong></span> <span class='ocrx_word' id='word_1_229' title='bbox 627 3264 717 3316; x_wconf 87' lang='lat' dir='ltr'><strong>sunt:</strong></span> <span class='ocrx_word' id='word_1_230' title='bbox 747 3271 828 3338; x_wconf 89' lang='lat' dir='ltr'><strong>quae</strong></span> <span class='ocrx_word' id='word_1_231' title='bbox 850 3253 978 3336; x_wconf 87' lang='lat' dir='ltr'><strong>quidem</strong></span> <span class='ocrx_word' id='word_1_232' title='bbox 1001 3273 1099 3319; x_wconf 90' lang='lat' dir='ltr'><strong>causa</strong></span> <span class='ocrx_word' id='word_1_233' title='bbox 1121 3253 1229 3341; x_wconf 92' lang='lat' dir='ltr'><strong>paullo</strong></span> <span class='ocrx_word' id='word_1_234' title='bbox 1252 3259 1414 3342; x_wconf 90' lang='lat' dir='ltr'><strong>copiosius</strong></span> <span class='ocrx_word' id='word_1_235' title='bbox 1437 3258 1627 3343; x_wconf 89' lang='lat' dir='ltr'><strong>disputanda</strong></span> <span class='ocrx_word' id='word_1_236' title='bbox 1648 3271 1717 3333; x_wconf 87' lang='lat' dir='ltr'><strong>est,</strong></span> <span class='ocrx_word' id='word_1_237' title='bbox 1745 3278 1786 3320; x_wconf 91' lang='lat' dir='ltr'><strong>ne</strong></span> <span class='ocrx_word' id='word_1_238' title='bbox 1807 3257 1841 3320; x_wconf 92' lang='lat' dir='ltr'><strong>in</strong></span> <span class='ocrx_word' id='word_1_239' title='bbox 1860 3252 1912 3317; x_wconf 91' lang='lat' dir='ltr'><strong>bis</strong></span> <span class='ocrx_word' id='word_1_240' title='bbox 1930 3249 1971 3314; x_wconf 92' lang='lat' dir='ltr'><strong>ad</strong></span> 
     </span>
     <span class='ocr_line' id='line_1_24' title="bbox 344 3362 2062 3459; baseline -0.005 -25"><span class='ocrx_word' id='word_1_241' title='bbox 344 3367 523 3456; x_wconf 90' lang='lat' dir='ltr'><strong>legitimam</strong></span> <span class='ocrx_word' id='word_1_242' title='bbox 551 3367 709 3452; x_wconf 76' lang='lat' dir='ltr'><strong>originem</strong></span> <span class='ocrx_word' id='word_1_243' title='bbox 736 3363 926 3430; x_wconf 88' lang='lat' dir='ltr'><strong>revocandis</strong></span> <span class='ocrx_word' id='word_1_244' title='bbox 955 3366 1040 3430; x_wconf 88' lang='lat' dir='ltr'><strong>iusto</strong></span> <span class='ocrx_word' id='word_1_245' title='bbox 1070 3367 1261 3434; x_wconf 88' lang='lat' dir='ltr'><strong>audaciores</strong></span> <span class='ocrx_word' id='word_1_246' title='bbox 1294 3369 1395 3434; x_wconf 83' lang='lat' dir='ltr'><strong>luisse</strong></span> <span class='ocrx_word' id='word_1_247' title='bbox 1424 3392 1598 3459; x_wconf 85' lang='lat' dir='ltr'><strong>omnesque</strong></span> <span class='ocrx_word' id='word_1_248' title='bbox 1625 3367 1859 3456; x_wconf 88' lang='lat' dir='ltr'><strong>probabilitatis</strong></span> <span class='ocrx_word' id='word_1_249' title='bbox 1887 3362 1971 3428; x_wconf 87' lang='lat' dir='ltr'><strong>lines</strong></span> <span class='ocrx_word' id='word_1_250' title='bbox 2059 3449 2062 3452; x_wconf 21' lang='grc' dir='ltr'>Ι</span> 
     </span>
     <span class='ocr_line' id='line_1_25' title="bbox 345 3471 1972 3570; baseline -0.006 -22"><span class='ocrx_word' id='word_1_251' title='bbox 345 3483 503 3568; x_wconf 84' lang='lat' dir='ltr'><strong>migrasse</strong></span> <span class='ocrx_word' id='word_1_252' title='bbox 525 3478 708 3544; x_wconf 80' lang='lat' dir='ltr'><strong>videamurt</strong></span> <span class='ocrx_word' id='word_1_253' title='bbox 737 3473 921 3562; x_wconf 88' lang='lat' dir='ltr'><strong>intelligant</strong></span> <span class='ocrx_word' id='word_1_254' title='bbox 944 3480 1041 3544; x_wconf 91' lang='lat' dir='ltr'><strong>etiarn</strong></span> <span class='ocrx_word' id='word_1_255' title='bbox 1063 3477 1220 3559; x_wconf 89' lang='lat' dir='ltr'><strong>lectores,</strong></span> <span class='ocrx_word' id='word_1_256' title='bbox 1252 3481 1328 3565; x_wconf 90' lang='lat' dir='ltr'><strong>quid</strong></span> <span class='ocrx_word' id='word_1_257' title='bbox 1352 3503 1485 3547; x_wconf 88' lang='lat' dir='ltr'><strong>caussae</strong></span> <span class='ocrx_word' id='word_1_258' title='bbox 1508 3486 1569 3562; x_wconf 89' lang='lat' dir='ltr'><strong>sit,</strong></span> <span class='ocrx_word' id='word_1_259' title='bbox 1597 3483 1680 3570; x_wconf 94' lang='lat' dir='ltr'><strong>quod</strong></span> <span class='ocrx_word' id='word_1_260' title='bbox 1705 3505 1726 3548; x_wconf 91' lang='lat' dir='ltr'><strong>a</strong></span> <span class='ocrx_word' id='word_1_261' title='bbox 1745 3471 1972 3548; x_wconf 76' lang='lat' dir='ltr'><strong>nonnullorum</strong></span> 
     </span>
     <span class='ocr_line' id='line_1_26' title="bbox 346 3590 1980 3681; baseline -0.004 -21"><span class='ocrx_word' id='word_1_262' title='bbox 346 3607 452 3680; x_wconf 91' lang='lat' dir='ltr'><strong>etymo</strong></span> <span class='ocrx_word' id='word_1_263' title='bbox 480 3591 652 3658; x_wconf 90' lang='lat' dir='ltr'><strong>indicando</strong></span> <span class='ocrx_word' id='word_1_264' title='bbox 682 3613 813 3678; x_wconf 75' lang='lat' dir='ltr'><strong>prorsus</strong></span> <span class='ocrx_word' id='word_1_265' title='bbox 842 3590 1066 3656; x_wconf 89' lang='lat' dir='ltr'><strong>abstinendum</strong></span> <span class='ocrx_word' id='word_1_266' title='bbox 1096 3594 1326 3677; x_wconf 85' lang='lat' dir='ltr'><strong>putaverimus.</strong></span> <span class='ocrx_word' id='word_1_267' title='bbox 1377 3593 1505 3658; x_wconf 86' lang='lat' dir='ltr'><strong>Etenim</strong></span> <span class='ocrx_word' id='word_1_268' title='bbox 1536 3597 1600 3660; x_wconf 88' lang='lat' dir='ltr'><strong>iam</strong></span> <span class='ocrx_word' id='word_1_269' title='bbox 1630 3597 1714 3680; x_wconf 89' lang='lat' dir='ltr'><strong>apud</strong></span> <span class='ocrx_word' id='word_1_270' title='bbox 1734 3597 1823 3681; x_wconf 88' lang='lat' dir='ltr'><strong>ipsos</strong></span> <span class='ocrx_word' id='word_1_271' title='bbox 1844 3592 1980 3656; x_wconf 82' lang='lat' dir='ltr'><strong>Poenos</strong></span> 
     </span>
     <span class='ocr_line' id='line_1_27' title="bbox 346 3703 1971 3791; baseline -0.005 -19"><span class='ocrx_word' id='word_1_272' title='bbox 346 3707 522 3774; x_wconf 87' lang='lat' dir='ltr'><strong>domestica</strong></span> <span class='ocrx_word' id='word_1_273' title='bbox 550 3705 708 3790; x_wconf 89' lang='lat' dir='ltr'><strong>scriptura</strong></span> <span class='ocrx_word' id='word_1_274' title='bbox 739 3716 864 3770; x_wconf 89' lang='lat' dir='ltr'><strong>utentes</strong></span> <span class='ocrx_word' id='word_1_275' title='bbox 894 3703 1031 3769; x_wconf 88' lang='lat' dir='ltr'><strong>subinde</strong></span> <span class='ocrx_word' id='word_1_276' title='bbox 1062 3703 1187 3768; x_wconf 85' lang='lat' dir='ltr'><strong>formae</strong></span> <span class='ocrx_word' id='word_1_277' title='bbox 1219 3707 1264 3769; x_wconf 89' lang='lat' dir='ltr'><strong>ita</strong></span> <span class='ocrx_word' id='word_1_278' title='bbox 1287 3719 1471 3770; x_wconf 85' lang='lat' dir='ltr'><strong>contractae</strong></span> <span class='ocrx_word' id='word_1_279' title='bbox 1493 3709 1712 3791; x_wconf 85' lang='lat' dir='ltr'><strong>reperiuntur,</strong></span> <span class='ocrx_word' id='word_1_280' title='bbox 1745 3720 1782 3770; x_wconf 88' lang='lat' dir='ltr'><strong>ut</strong></span> <span class='ocrx_word' id='word_1_281' title='bbox 1802 3707 1842 3770; x_wconf 91' lang='lat' dir='ltr'><strong>de</strong></span> <span class='ocrx_word' id='word_1_282' title='bbox 1865 3718 1971 3786; x_wconf 87' lang='lat' dir='ltr'><strong>etymo</strong></span> 
     </span>
     <span class='ocr_line' id='line_1_28' title="bbox 347 3815 1971 3905; baseline -0.004 -21"><span class='ocrx_word' id='word_1_283' title='bbox 347 3841 459 3884; x_wconf 84' lang='lat' dir='ltr'><strong>eorum</strong></span> <span class='ocrx_word' id='word_1_284' title='bbox 480 3817 607 3884; x_wconf 86' lang='lat' dir='ltr'><strong>dubites</strong></span> <span class='ocrx_word' id='word_1_285' title='bbox 630 3819 741 3905; x_wconf 63' lang='lat' dir='ltr'><strong>(spen</strong></span> <span class='ocrx_word' id='word_1_286' title='bbox 765 3839 823 3904; x_wconf 86' lang='lat' dir='ltr'><strong>pro</strong></span> <span class='ocrx_word' id='word_1_287' title='bbox 840 3819 951 3905; x_wconf 67' lang='lat' dir='ltr'><strong>spic,</strong></span> <span class='ocrx_word' id='word_1_288' title='bbox 981 3833 1052 3886; x_wconf 77' lang='lat' dir='ltr'><strong>nnn</strong></span> <span class='ocrx_word' id='word_1_289' title='bbox 1077 3819 1269 3904; x_wconf 73' lang='lat' dir='ltr'><strong>pronubo,</strong></span> <span class='ocrx_word' id='word_1_290' title='bbox 1300 3819 1439 3888; x_wconf 68' lang='lat' dir='ltr'><strong>bennun</strong></span> <span class='ocrx_word' id='word_1_291' title='bbox 1456 3839 1514 3903; x_wconf 90' lang='lat' dir='ltr'><strong>pro</strong></span> <span class='ocrx_word' id='word_1_292' title='bbox 1531 3819 1728 3904; x_wconf 56' lang='lat' dir='ltr'><strong>loannem:</strong></span> <span class='ocrx_word' id='word_1_293' title='bbox 1752 3815 1853 3884; x_wconf 81' lang='lat' dir='ltr'><strong>multo</strong></span> <span class='ocrx_word' id='word_1_294' title='bbox 1867 3816 1971 3880; x_wconf 83' lang='lat' dir='ltr'><strong>maior</strong></span> 
     </span>
     <span class='ocr_line' id='line_1_29' title="bbox 347 3929 1972 4019; baseline -0.005 -23"><span class='ocrx_word' id='word_1_295' title='bbox 347 3945 454 3997; x_wconf 87' lang='lat' dir='ltr'><strong>antem</strong></span> <span class='ocrx_word' id='word_1_296' title='bbox 488 3933 559 3996; x_wconf 86' lang='lat' dir='ltr'><strong>sire</strong></span> <span class='ocrx_word' id='word_1_297' title='bbox 587 3930 723 3996; x_wconf 90' lang='lat' dir='ltr'><strong>audacia</strong></span> <span class='ocrx_word' id='word_1_298' title='bbox 756 3933 826 3996; x_wconf 87' lang='lat' dir='ltr'><strong>sive</strong></span> <span class='ocrx_word' id='word_1_299' title='bbox 854 3929 986 3998; x_wconf 89' lang='lat' dir='ltr'><strong>licentia</strong></span> <span class='ocrx_word' id='word_1_300' title='bbox 1013 3937 1081 4010; x_wconf 77' lang='lat' dir='ltr'><strong>est,</strong></span> <span class='ocrx_word' id='word_1_301' title='bbox 1117 3929 1174 3996; x_wconf 89' lang='lat' dir='ltr'><strong>ubi</strong></span> <span class='ocrx_word' id='word_1_302' title='bbox 1202 3931 1387 3996; x_wconf 89' lang='lat' dir='ltr'><strong>huiusmodi</strong></span> <span class='ocrx_word' id='word_1_303' title='bbox 1412 3933 1561 4012; x_wconf 89' lang='lat' dir='ltr'><strong>uomina,</strong></span> <span class='ocrx_word' id='word_1_304' title='bbox 1596 3934 1783 4019; x_wconf 85' lang='lat' dir='ltr'><strong>praesertim</strong></span> <span class='ocrx_word' id='word_1_305' title='bbox 1811 3929 1972 4015; x_wconf 90' lang='lat' dir='ltr'><strong>longiora,</strong></span> 
     </span>
    </p>
   </div>
   <div class='ocr_carea' id='block_1_10' title="bbox 346 4163 1972 4250">
    <p class='ocr_par' dir='ltr' id='par_1_10' title="bbox 346 4163 1972 4250">
     <span class='ocr_line' id='line_1_30' title="bbox 346 4163 1972 4250; baseline -0.005 -24"><span class='ocrx_word' id='word_1_306' title='bbox 346 4171 450 4226; x_wconf 79' lang='lat' dir='ltr'><strong>Basso</strong></span> <span class='ocrx_word' id='word_1_307' title='bbox 466 4171 589 4226; x_wconf 78' lang='lat' dir='ltr'><strong>Hrsms</strong></span> <span class='ocrx_word' id='word_1_308' title='bbox 611 4187 637 4224; x_wconf 85' lang='lat' dir='ltr'><strong>r.</strong></span> <span class='ocrx_word' id='word_1_309' title='bbox 655 4169 747 4226; x_wconf 71' lang='lat' dir='ltr'><strong>Sorae</strong></span> <span class='ocrx_word' id='word_1_310' title='bbox 763 4169 926 4225; x_wconf 80' lang='lat' dir='ltr'><strong>Asnaum.</strong></span> <span class='ocrx_word' id='word_1_311' title='bbox 943 4171 1123 4228; x_wconf 75' lang='lat' dir='ltr'><strong>Barsrnrscrs</strong></span> <span class='ocrx_word' id='word_1_312' title='bbox 1194 4171 1352 4250; x_wconf 68' lang='lat' dir='ltr'><strong>schellingii</strong></span> <span class='ocrx_word' id='word_1_313' title='bbox 1369 4171 1398 4226; x_wconf 89' lang='lat' dir='ltr'><strong>in</strong></span> <span class='ocrx_word' id='word_1_314' title='bbox 1415 4171 1449 4228; x_wconf 90' lang='lat' dir='ltr'><strong>iis</strong></span> <span class='ocrx_word' id='word_1_315' title='bbox 1465 4189 1501 4227; x_wconf 86' lang='lat' dir='ltr'><strong>ex</strong></span> <span class='ocrx_word' id='word_1_316' title='bbox 1515 4172 1609 4246; x_wconf 84' lang='lat' dir='ltr'><strong>lingua</strong></span> <span class='ocrx_word' id='word_1_317' title='bbox 1625 4173 1751 4228; x_wconf 85' lang='lat' dir='ltr'><strong>Hebraea</strong></span> <span class='ocrx_word' id='word_1_318' title='bbox 1764 4163 1972 4241; x_wconf 84' lang='lat' dir='ltr'><strong>interpretandis</strong></span> 
     </span>
    </p>
   </div>
   <div class='ocr_carea' id='block_1_11' title="bbox 216 4265 1971 4348">
    <p class='ocr_par' dir='ltr' id='par_1_11' title="bbox 216 4265 1971 4348">
     <span class='ocr_line' id='line_1_31' title="bbox 216 4265 1971 4348; baseline -0.005 -24"><span class='ocrx_word' id='word_1_319' title='bbox 216 4279 225 4290; x_wconf 87' lang='lat'>&#39;</span> <span class='ocrx_word' id='word_1_320' title='bbox 349 4287 379 4324; x_wconf 77' lang='grc' dir='ltr'><strong>ι.</strong></span> <span class='ocrx_word' id='word_1_321' title='bbox 409 4267 531 4322; x_wconf 74' lang='lat' dir='ltr'><strong>bursas</strong></span> <span class='ocrx_word' id='word_1_322' title='bbox 562 4268 722 4323; x_wconf 84' lang='lat' dir='ltr'><strong>Bosrrrsnrs</strong></span> <span class='ocrx_word' id='word_1_323' title='bbox 754 4285 781 4321; x_wconf 87' lang='lat' dir='ltr'><strong>r.</strong></span> <span class='ocrx_word' id='word_1_324' title='bbox 808 4267 899 4336; x_wconf 71' lang='lat' dir='ltr'><strong>ham,</strong></span> <span class='ocrx_word' id='word_1_325' title='bbox 933 4268 1060 4338; x_wconf 84' lang='lat' dir='ltr'><strong>aliudque</strong></span> <span class='ocrx_word' id='word_1_326' title='bbox 1090 4269 1124 4322; x_wconf 84' lang='lat' dir='ltr'><strong>sd</strong></span> <span class='ocrx_word' id='word_1_327' title='bbox 1194 4279 1306 4326; x_wconf 88' lang='lat' dir='ltr'><strong>oonalns</strong></span> <span class='ocrx_word' id='word_1_328' title='bbox 1332 4269 1505 4348; x_wconf 83' lang='lat' dir='ltr'><strong>(Causanp.</strong></span> <span class='ocrx_word' id='word_1_329' title='bbox 1520 4269 1582 4326; x_wconf 78' lang='grc'><strong>747.</strong></span> <span class='ocrx_word' id='word_1_330' title='bbox 1600 4269 1738 4342; x_wconf 79' lang='lat' dir='ltr'><strong>schelling</strong></span> <span class='ocrx_word' id='word_1_331' title='bbox 1769 4265 1924 4322; x_wconf 85' lang='lat' dir='ltr'><strong>Gottheiten</strong></span> <span class='ocrx_word' id='word_1_332' title='bbox 1942 4280 1971 4317; x_wconf 83' lang='lat' dir='ltr'><strong>v.</strong></span> 
     </span>
    </p>
   </div>
   <div class='ocr_carea' id='block_1_12' title="bbox 290 4362 1974 4918">
    <p class='ocr_par' dir='ltr' id='par_1_12' title="bbox 290 4362 1974 4918">
     <span class='ocr_line' id='line_1_32' title="bbox 346 4362 1972 4439; baseline -0.002 -21"><span class='ocrx_word' id='word_1_333' title='bbox 346 4381 446 4439; x_wconf 87' lang='lat' dir='ltr'><strong>pagum</strong></span> <span class='ocrx_word' id='word_1_334' title='bbox 458 4365 625 4418; x_wconf 83' lang='lat' dir='ltr'><strong>Gurseusem</strong></span> <span class='ocrx_word' id='word_1_335' title='bbox 641 4363 779 4434; x_wconf 88' lang='lat' dir='ltr'><strong>pertlnerrs</strong></span> <span class='ocrx_word' id='word_1_336' title='bbox 799 4362 828 4416; x_wconf 88' lang='lat' dir='ltr'><strong>in</strong></span> <span class='ocrx_word' id='word_1_337' title='bbox 847 4364 946 4418; x_wconf 82' lang='lat' dir='ltr'><strong>Museo</strong></span> <span class='ocrx_word' id='word_1_338' title='bbox 961 4363 1125 4420; x_wconf 84' lang='lat' dir='ltr'><strong>Academiae</strong></span> <span class='ocrx_word' id='word_1_339' title='bbox 1194 4367 1367 4422; x_wconf 85' lang='lat' dir='ltr'><strong>Samothrace</strong></span> <span class='ocrx_word' id='word_1_340' title='bbox 1387 4385 1414 4436; x_wconf 88' lang='lat' dir='ltr'><strong>p.</strong></span> <span class='ocrx_word' id='word_1_341' title='bbox 1429 4369 1463 4422; x_wconf 91' lang='grc'><strong>67</strong></span> <span class='ocrx_word' id='word_1_342' title='bbox 1481 4365 1577 4438; x_wconf 85' lang='lat' dir='ltr'><strong>sqq.):</strong></span> <span class='ocrx_word' id='word_1_343' title='bbox 1595 4377 1623 4422; x_wconf 89' lang='lat' dir='ltr'><strong>et</strong></span> <span class='ocrx_word' id='word_1_344' title='bbox 1640 4366 1822 4436; x_wconf 88' lang='lat' dir='ltr'><strong>probabiliora</strong></span> <span class='ocrx_word' id='word_1_345' title='bbox 1840 4371 1915 4418; x_wconf 89' lang='lat' dir='ltr'><strong>certe</strong></span> <span class='ocrx_word' id='word_1_346' title='bbox 1936 4375 1972 4434; x_wconf 78' lang='lat' dir='ltr'><strong>ex</strong></span> 
     </span>
     <span class='ocr_line' id='line_1_33' title="bbox 348 4459 1971 4537; baseline -0.005 -19"><span class='ocrx_word' id='word_1_347' title='bbox 348 4459 526 4518; x_wconf 60' lang='lat' dir='ltr'><strong>&amp;nonensis</strong></span> <span class='ocrx_word' id='word_1_348' title='bbox 560 4468 648 4514; x_wconf 83' lang='lat' dir='ltr'><strong>exstet</strong></span> <span class='ocrx_word' id='word_1_349' title='bbox 679 4461 710 4515; x_wconf 91' lang='lat' dir='ltr'><strong>in</strong></span> <span class='ocrx_word' id='word_1_350' title='bbox 742 4463 815 4513; x_wconf 80' lang='lat' dir='ltr'><strong>Actis</strong></span> <span class='ocrx_word' id='word_1_351' title='bbox 845 4459 958 4525; x_wconf 76' lang='lat' dir='ltr'><strong>scutrum</strong></span> <span class='ocrx_word' id='word_1_352' title='bbox 989 4465 1125 4514; x_wconf 80' lang='lat' dir='ltr'><strong>Arretium</strong></span> <span class='ocrx_word' id='word_1_353' title='bbox 1193 4463 1286 4537; x_wconf 86' lang='lat' dir='ltr'><strong>lingua</strong></span> <span class='ocrx_word' id='word_1_354' title='bbox 1305 4463 1474 4537; x_wconf 85' lang='lat' dir='ltr'><strong>Aegyptiace</strong></span> <span class='ocrx_word' id='word_1_355' title='bbox 1492 4464 1565 4519; x_wconf 88' lang='lat' dir='ltr'><strong>dedit</strong></span> <span class='ocrx_word' id='word_1_356' title='bbox 1584 4465 1675 4536; x_wconf 71' lang='lat' dir='ltr'><strong>Zoigs</strong></span> <span class='ocrx_word' id='word_1_357' title='bbox 1693 4465 1727 4516; x_wconf 90' lang='lat' dir='ltr'><strong>de</strong></span> <span class='ocrx_word' id='word_1_358' title='bbox 1745 4462 1856 4515; x_wconf 85' lang='lat' dir='ltr'><strong>obeliso.</strong></span> <span class='ocrx_word' id='word_1_359' title='bbox 1870 4478 1897 4528; x_wconf 87' lang='lat' dir='ltr'><strong>p.</strong></span> <span class='ocrx_word' id='word_1_360' title='bbox 1911 4459 1971 4510; x_wconf 83' lang='lat'><em>220.</em></span> 
     </span>
     <span class='ocr_line' id='line_1_34' title="bbox 348 4555 1973 4634; baseline -0.004 -22"><span class='ocrx_word' id='word_1_361' title='bbox 348 4561 466 4627; x_wconf 82' lang='lat' dir='ltr'><strong>(Romae</strong></span> <span class='ocrx_word' id='word_1_362' title='bbox 478 4557 555 4614; x_wconf 80' lang='lat'><strong>1795.</strong></span> <span class='ocrx_word' id='word_1_363' title='bbox 571 4555 619 4625; x_wconf 81' lang='lat' dir='ltr'><strong>l.)</strong></span> <span class='ocrx_word' id='word_1_364' title='bbox 636 4575 663 4627; x_wconf 89' lang='lat' dir='ltr'><strong>p.</strong></span> <span class='ocrx_word' id='word_1_365' title='bbox 677 4559 738 4624; x_wconf 80' lang='lat'><strong>⁷82,</strong></span> <span class='ocrx_word' id='word_1_366' title='bbox 757 4555 857 4610; x_wconf 89' lang='lat' dir='ltr'><strong>editum</strong></span> <span class='ocrx_word' id='word_1_367' title='bbox 875 4555 918 4610; x_wconf 89' lang='lat' dir='ltr'><strong>oui</strong></span> <span class='ocrx_word' id='word_1_368' title='bbox 934 4557 1002 4610; x_wconf 87' lang='lat' dir='ltr'><strong>baec</strong></span> <span class='ocrx_word' id='word_1_369' title='bbox 1015 4557 1125 4612; x_wconf 89' lang='lat' dir='ltr'><strong>nomina</strong></span> <span class='ocrx_word' id='word_1_370' title='bbox 1194 4589 1229 4602; x_wconf 90' lang='lat'><em>-</em></span> <span class='ocrx_word' id='word_1_371' title='bbox 1242 4561 1367 4614; x_wconf 87' lang='lat' dir='ltr'><strong>Eiusdem</strong></span> <span class='ocrx_word' id='word_1_372' title='bbox 1382 4561 1493 4634; x_wconf 87' lang='lat' dir='ltr'><strong>originis</strong></span> <span class='ocrx_word' id='word_1_373' title='bbox 1502 4563 1597 4614; x_wconf 86' lang='lat' dir='ltr'><strong>saltem</strong></span> <span class='ocrx_word' id='word_1_374' title='bbox 1612 4559 1866 4628; x_wconf 79' lang='lat' dir='ltr'><strong>expartevidentur</strong></span> <span class='ocrx_word' id='word_1_375' title='bbox 1879 4569 1973 4626; x_wconf 86' lang='lat' dir='ltr'><strong>regum</strong></span> 
     </span>
     <span class='ocr_line' id='line_1_35' title="bbox 348 4633 1972 4738; baseline -0.005 -28"><span class='ocrx_word' id='word_1_376' title='bbox 348 4655 510 4725; x_wconf 86' lang='lat' dir='ltr'><strong>subscripta:</strong></span> <span class='ocrx_word' id='word_1_377' title='bbox 538 4651 677 4706; x_wconf 66' lang='lat' dir='ltr'><strong>American</strong></span> <span class='ocrx_word' id='word_1_378' title='bbox 700 4653 907 4708; x_wconf 82' lang='lat' dir='ltr'><strong>Mrncasrours</strong></span> <span class='ocrx_word' id='word_1_379' title='bbox 934 4671 960 4710; x_wconf 90' lang='lat' dir='ltr'><strong>r.</strong></span> <span class='ocrx_word' id='word_1_380' title='bbox 988 4651 1125 4708; x_wconf 75' lang='lat' dir='ltr'><strong>Crnssrrr</strong></span> <span class='ocrx_word' id='word_1_381' title='bbox 1194 4659 1303 4725; x_wconf 83' lang='lat' dir='ltr'><strong>Hycsus</strong></span> <span class='ocrx_word' id='word_1_382' title='bbox 1330 4633 1471 4738; x_wconf 39' lang='lat' dir='ltr'><strong>dlelb&#39;tum·</strong></span> <span class='ocrx_word' id='word_1_383' title='bbox 1486 4657 1615 4725; x_wconf 84' lang='lat' dir='ltr'><strong>nomina,</strong></span> <span class='ocrx_word' id='word_1_384' title='bbox 1645 4671 1713 4725; x_wconf 88' lang='lat' dir='ltr'><strong>quoe</strong></span> <span class='ocrx_word' id='word_1_385' title='bbox 1731 4657 1799 4708; x_wconf 89' lang='lat' dir='ltr'><strong>haeo</strong></span> <span class='ocrx_word' id='word_1_386' title='bbox 1824 4662 1886 4706; x_wconf 89' lang='lat' dir='ltr'><strong>snut</strong></span> <span class='ocrx_word' id='word_1_387' title='bbox 1903 4649 1972 4720; x_wconf 88' lang='lat' dir='ltr'><strong>apud</strong></span> 
     </span>
     <span class='ocr_line' id='line_1_36' title="bbox 290 4733 1974 4822; baseline -0.003 -15"><span class='ocrx_word' id='word_1_388' title='bbox 290 4733 301 4744; x_wconf 57' lang='lat'>⁵</span> <span class='ocrx_word' id='word_1_389' title='bbox 348 4754 469 4810; x_wconf 76' lang='lat' dir='ltr'><strong>Bosora</strong></span> <span class='ocrx_word' id='word_1_390' title='bbox 492 4750 681 4806; x_wconf 71' lang='lat' dir='ltr'><strong>szznumms</strong></span> <span class='ocrx_word' id='word_1_391' title='bbox 710 4767 736 4803; x_wconf 80' lang='lat' dir='ltr'><strong>r.</strong></span> <span class='ocrx_word' id='word_1_392' title='bbox 763 4749 1029 4804; x_wconf 81' lang='lat' dir='ltr'><strong>Arraoounzeusrs</strong></span> <span class='ocrx_word' id='word_1_393' title='bbox 1053 4751 1126 4804; x_wconf 89' lang='lat' dir='ltr'><strong>Mo·</strong></span> <span class='ocrx_word' id='word_1_394' title='bbox 1193 4753 1381 4822; x_wconf 74' lang='lat' dir='ltr'><strong>losephum“o.&#39;</strong></span> <span class='ocrx_word' id='word_1_395' title='bbox 1391 4735 1541 4822; x_wconf 47' lang='lat' dir='ltr'><strong>dp&#39;.&#39;1‚14:</strong></span> <span class='ocrx_word' id='word_1_396' title='bbox 1560 4747 1692 4821; x_wconf 65' lang='lat' dir='ltr'><strong>Idicem,</strong></span> <span class='ocrx_word' id='word_1_397' title='bbox 1710 4746 1802 4818; x_wconf 72' lang='lat' dir='ltr'><strong>Bnoic,</strong></span> <span class='ocrx_word' id='word_1_398' title='bbox 1820 4739 1974 4814; x_wconf 62' lang='lat' dir='ltr'><strong>’Amastrin</strong></span> 
     </span>
     <span class='ocr_line' id='line_1_37' title="bbox 349 4841 1973 4918; baseline -0.004 -16"><span class='ocrx_word' id='word_1_399' title='bbox 349 4844 651 4903; x_wconf 77' lang='lat' dir='ltr'><strong>rsussaoSsruonrs</strong></span> <span class='ocrx_word' id='word_1_400' title='bbox 673 4847 784 4903; x_wconf 78' lang='lat' dir='ltr'><strong>mcor.</strong></span> <span class='ocrx_word' id='word_1_401' title='bbox 806 4847 1056 4902; x_wconf 74' lang='lat' dir='ltr'><strong>ussllzrrermrs.</strong></span> <span class='ocrx_word' id='word_1_402' title='bbox 1193 4841 1328 4918; x_wconf 71' lang='grc' dir='ltr'><strong>Ἅπωφίς,</strong></span> <span class='ocrx_word' id='word_1_403' title='bbox 1359 4842 1473 4916; x_wconf 70' lang='grc' dir='ltr'><strong><em>Ἰανίαι,</em></strong></span> <span class='ocrx_word' id='word_1_404' title='bbox 1499 4842 1601 4915; x_wconf 62' lang='lat' dir='ltr'><strong>haere,</strong></span> <span class='ocrx_word' id='word_1_405' title='bbox 1633 4850 1702 4917; x_wconf 86' lang='lat' dir='ltr'><strong>apnd</strong></span> <span class='ocrx_word' id='word_1_406' title='bbox 1721 4847 1842 4916; x_wconf 88' lang='lat' dir='ltr'><strong>Syuoell.</strong></span> <span class='ocrx_word' id='word_1_407' title='bbox 1871 4862 1899 4913; x_wconf 85' lang='lat' dir='ltr'><strong>p.</strong></span> <span class='ocrx_word' id='word_1_408' title='bbox 1923 4844 1973 4896; x_wconf 79' lang='lat' dir='ltr'><strong>tta</strong></span> 
     </span>
    </p>
   </div>
   <div class='ocr_carea' id='block_1_13' title="bbox 347 4934 2017 5432">
    <p class='ocr_par' dir='ltr' id='par_1_13' title="bbox 347 4934 2017 5432">
     <span class='ocr_line' id='line_1_38' title="bbox 399 4934 1974 5036; baseline -0.006 -20"><span class='ocrx_word' id='word_1_409' title='bbox 399 4959 425 5029; x_wconf 70' lang='lat'><strong>⁶)</strong></span> <span class='ocrx_word' id='word_1_410' title='bbox 442 4961 654 5017; x_wconf 58' lang='lat' dir='ltr'><strong>armariorum</strong></span> <span class='ocrx_word' id='word_1_411' title='bbox 668 4961 822 5016; x_wconf 72' lang='lat' dir='ltr'><strong>nominibus</strong></span> <span class='ocrx_word' id='word_1_412' title='bbox 835 4963 944 5029; x_wconf 71' lang='lat' dir='ltr'><strong>(senon</strong></span> <span class='ocrx_word' id='word_1_413' title='bbox 956 4959 1124 5029; x_wconf 67' lang='lat' dir='ltr'><strong>conponor.</strong></span> <span class='ocrx_word' id='word_1_414' title='bbox 1176 4944 1278 5036; x_wconf 50' lang='lat' dir='ltr'><strong>hlud·</strong></span> <span class='ocrx_word' id='word_1_415' title='bbox 1296 4939 1377 4998; x_wconf 71' lang='grc' dir='ltr'><strong>Βνῶν</strong></span> <span class='ocrx_word' id='word_1_416' title='bbox 1396 4945 1450 5008; x_wconf 72' lang='lat' dir='ltr'><strong>tul·</strong></span> <span class='ocrx_word' id='word_1_417' title='bbox 1470 4942 1560 5012; x_wconf 75' lang='grc' dir='ltr'><strong>Βνῶν.</strong></span> <span class='ocrx_word' id='word_1_418' title='bbox 1581 4938 1698 5012; x_wconf 64' lang='lat' dir='ltr'><strong>Bovis).</strong></span> <span class='ocrx_word' id='word_1_419' title='bbox 1718 4939 1846 5010; x_wconf 59' lang='lat' dir='ltr'><strong>naves,</strong></span> <span class='ocrx_word' id='word_1_420' title='bbox 1865 4934 1974 5006; x_wconf 65' lang='grc' dir='ltr'><strong>Σταᾶν.</strong></span> 
     </span>
     <span class='ocr_line' id='line_1_39' title="bbox 348 5025 1973 5129; baseline -0.005 -18"><span class='ocrx_word' id='word_1_421' title='bbox 348 5062 382 5125; x_wconf 82' lang='grc'><strong>1,</strong></span> <span class='ocrx_word' id='word_1_422' title='bbox 406 5058 476 5126; x_wconf 64' lang='lat' dir='ltr'><strong>sta)</strong></span> <span class='ocrx_word' id='word_1_423' title='bbox 507 5047 591 5112; x_wconf 72' lang='lat' dir='ltr'><strong>undar</strong></span> <span class='ocrx_word' id='word_1_424' title='bbox 623 5053 767 5126; x_wconf 77' lang='lat' dir='ltr'><strong>Kcicprlos</strong></span> <span class='ocrx_word' id='word_1_425' title='bbox 795 5057 967 5114; x_wconf 76' lang='lat' dir='ltr'><strong>Phoenicium</strong></span> <span class='ocrx_word' id='word_1_426' title='bbox 994 5055 1127 5129; x_wconf 81' lang='lat' dir='ltr'><strong>originem</strong></span> <span class='ocrx_word' id='word_1_427' title='bbox 1189 5041 1318 5115; x_wconf 56' lang='lat' dir='ltr'><strong>’&#39;1102qu</strong></span> <span class='ocrx_word' id='word_1_428' title='bbox 1331 5040 1448 5114; x_wconf 69' lang='grc' dir='ltr'><strong>Ἅφθβῑθ·</strong></span> <span class='ocrx_word' id='word_1_429' title='bbox 1468 5050 1625 5118; x_wconf 61' lang='lat' dir='ltr'><strong>Quanquam</strong></span> <span class='ocrx_word' id='word_1_430' title='bbox 1637 5045 1707 5100; x_wconf 70' lang='lat' dir='ltr'><strong>enlm</strong></span> <span class='ocrx_word' id='word_1_431' title='bbox 1718 5040 1842 5098; x_wconf 66' lang='grc' dir='ltr'><strong>Σᾶλατιθ</strong></span> <span class='ocrx_word' id='word_1_432' title='bbox 1861 5025 1973 5112; x_wconf 75' lang='lat' dir='ltr'><strong>(uhu),</strong></span> 
     </span>
     <span class='ocr_line' id='line_1_40' title="bbox 347 5131 2017 5230; baseline -0.007 -21"><span class='ocrx_word' id='word_1_433' title='bbox 347 5155 453 5209; x_wconf 88' lang='lat' dir='ltr'><strong>redolet</strong></span> <span class='ocrx_word' id='word_1_434' title='bbox 487 5153 536 5222; x_wconf 79' lang='lat' dir='ltr'><strong>(v.</strong></span> <span class='ocrx_word' id='word_1_435' title='bbox 563 5155 636 5210; x_wconf 83' lang='lat' dir='ltr'><strong>inira</strong></span> <span class='ocrx_word' id='word_1_436' title='bbox 667 5157 695 5208; x_wconf 87' lang='lat' dir='ltr'><strong>b.</strong></span> <span class='ocrx_word' id='word_1_437' title='bbox 715 5154 777 5224; x_wconf 74' lang='lat' dir='ltr'><strong>m),</strong></span> <span class='ocrx_word' id='word_1_438' title='bbox 810 5157 883 5209; x_wconf 88' lang='lat' dir='ltr'><strong>unde</strong></span> <span class='ocrx_word' id='word_1_439' title='bbox 916 5171 972 5209; x_wconf 90' lang='lat' dir='ltr'><strong>non</strong></span> <span class='ocrx_word' id='word_1_440' title='bbox 996 5152 1127 5223; x_wconf 85' lang='lat' dir='ltr'><strong>sequitur,</strong></span> <span class='ocrx_word' id='word_1_441' title='bbox 1195 5143 1295 5202; x_wconf 69' lang='lat' dir='ltr'><strong>&#39;latin</strong></span> <span class='ocrx_word' id='word_1_442' title='bbox 1313 5131 1432 5230; x_wconf 60' lang='lat'><strong>(³222),</strong></span> <span class='ocrx_word' id='word_1_443' title='bbox 1452 5142 1540 5204; x_wconf 65' lang='lat' dir='ltr'><strong>hienis</strong></span> <span class='ocrx_word' id='word_1_444' title='bbox 1558 5132 1642 5216; x_wconf 60' lang='lat' dir='ltr'><strong>(W)</strong></span> <span class='ocrx_word' id='word_1_445' title='bbox 1661 5149 1792 5222; x_wconf 88' lang='lat' dir='ltr'><strong>originem</strong></span> <span class='ocrx_word' id='word_1_446' title='bbox 1801 5146 1974 5202; x_wconf 79' lang='lat' dir='ltr'><strong>Phoenicium</strong></span> <span class='ocrx_word' id='word_1_447' title='bbox 2014 5155 2017 5162; x_wconf 79' lang='grc'><em>’</em></span> 
     </span>
     <span class='ocr_line' id='line_1_41' title="bbox 347 5243 1974 5324; baseline -0.007 -19"><span class='ocrx_word' id='word_1_448' title='bbox 347 5249 428 5305; x_wconf 84' lang='lat' dir='ltr'><strong>eliam</strong></span> <span class='ocrx_word' id='word_1_449' title='bbox 444 5253 549 5321; x_wconf 86' lang='lat' dir='ltr'><strong>reliqua</strong></span> <span class='ocrx_word' id='word_1_450' title='bbox 566 5245 693 5324; x_wconf 67' lang='grc' dir='ltr'><strong>Ἅξέιροσ,</strong></span> <span class='ocrx_word' id='word_1_451' title='bbox 706 5244 1039 5323; x_wconf 68' lang='grc' dir='ltr'><strong>Ἅξιόκορσοσ,ᾍξιο’κερσα</strong></span> <span class='ocrx_word' id='word_1_452' title='bbox 1053 5251 1128 5304; x_wconf 81' lang='lat' dir='ltr'><strong>eius·</strong></span> <span class='ocrx_word' id='word_1_453' title='bbox 1197 5243 1347 5313; x_wconf 86' lang='lat' dir='ltr'><strong>admittant,</strong></span> <span class='ocrx_word' id='word_1_454' title='bbox 1363 5245 1475 5300; x_wconf 85' lang='lat' dir='ltr'><strong>aliorum</strong></span> <span class='ocrx_word' id='word_1_455' title='bbox 1487 5247 1654 5316; x_wconf 88' lang='lat' dir='ltr'><strong>quorundam</strong></span> <span class='ocrx_word' id='word_1_456' title='bbox 1670 5247 1747 5320; x_wconf 87' lang='lat' dir='ltr'><strong>origo</strong></span> <span class='ocrx_word' id='word_1_457' title='bbox 1761 5245 1904 5298; x_wconf 74' lang='lat' dir='ltr'><strong>manifesto</strong></span> <span class='ocrx_word' id='word_1_458' title='bbox 1917 5243 1974 5300; x_wconf 80' lang='lat' dir='ltr'><strong>Ae·</strong></span> 
     </span>
     <span class='ocr_line' id='line_1_42' title="bbox 349 5333 1860 5432; baseline 0 -30"><span class='ocrx_word' id='word_1_459' title='bbox 349 5350 411 5404; x_wconf 85' lang='lat' dir='ltr'><strong>dem</strong></span> <span class='ocrx_word' id='word_1_460' title='bbox 425 5347 538 5422; x_wconf 88' lang='lat' dir='ltr'><strong>originis</strong></span> <span class='ocrx_word' id='word_1_461' title='bbox 553 5363 623 5404; x_wconf 83' lang='lat' dir='ltr'><strong>esre.</strong></span> <span class='ocrx_word' id='word_1_462' title='bbox 650 5351 746 5404; x_wconf 80' lang='lat' dir='ltr'><strong>Parum</strong></span> <span class='ocrx_word' id='word_1_463' title='bbox 762 5349 859 5405; x_wconf 88' lang='lat' dir='ltr'><strong>latices</strong></span> <span class='ocrx_word' id='word_1_464' title='bbox 871 5355 944 5405; x_wconf 87' lang='lat' dir='ltr'><strong>oerte</strong></span> <span class='ocrx_word' id='word_1_465' title='bbox 957 5346 1087 5403; x_wconf 85' lang='lat' dir='ltr'><strong>Booharti</strong></span> <span class='ocrx_word' id='word_1_466' title='bbox 1100 5356 1128 5403; x_wconf 90' lang='lat' dir='ltr'><strong>et</strong></span> <span class='ocrx_word' id='word_1_467' title='bbox 1197 5349 1288 5422; x_wconf 82' lang='lat' dir='ltr'><strong>gyptie</strong></span> <span class='ocrx_word' id='word_1_468' title='bbox 1306 5349 1432 5432; x_wconf 61' lang='lat' dir='ltr'><strong>videtur,</strong></span> <span class='ocrx_word' id='word_1_469' title='bbox 1451 5358 1482 5404; x_wconf 79' lang='lat' dir='ltr'><strong>nt</strong></span> <span class='ocrx_word' id='word_1_470' title='bbox 1494 5345 1626 5419; x_wconf 72' lang='lat' dir='ltr'><strong>”Anapus</strong></span> <span class='ocrx_word' id='word_1_471' title='bbox 1646 5333 1755 5420; x_wconf 54' lang='lat' dir='ltr'><strong>&amp;th</strong></span> <span class='ocrx_word' id='word_1_472' title='bbox 1777 5349 1860 5424; x_wconf 86' lang='lat' dir='ltr'><strong>gigas.</strong></span> 
     </span>
    </p>
   </div>
   <div class='ocr_carea' id='block_1_14' title="bbox 0 0 2482 6292">
    <p class='ocr_par' dir='ltr' id='par_1_14' title="bbox 0 0 2482 6292">
     <span class='ocr_line' id='line_1_43' title="bbox 0 0 2482 6292; baseline 0 0"><span class='ocrx_word' id='word_1_473' title='bbox 0 0 2482 6292; x_wconf 95' lang='lat' dir='ltr'><strong> </strong></span> 
     </span>
    </p>
   </div>
  </div>
 </body>
</html>
