4922 6300
477 633 553 710 326
615 624 750 694 LIBER
770 619 974 690 TERTIUS.
1016 618 1076 684 ΒΕ
1100 616 1242 684 anatis
1265 617 1531 694 PHOENlCllS.
1577 619 1727 690 CAPUT
1747 619 1971 700 QlJlN'l'UM.

479 819 616 908 legitur,
647 818 726 892 uba:
749 833 769 876 a
791 811 939 886 sinistra,
968 821 1002 870 et
1022 819 1191 892 propterea
1213 808 1289 874 aba
1313 823 1404 892 'ipra
1426 803 1598 894 legantium
1620 812 1803 878 exuamur:
1829 833 1925 898 quant
1946 815 2046 878 ctiam
2066 817 2102 880 in

478 929 663 1020 epigraphis
684 924 791 988 latinia
812 920 939 985 litterae
962 920 1058 982 vnriia
1082 917 1187 982 modia
1209 938 1336 982 currere
1359 917 1485 986 ualeant
1507 921 1569 1005 (cl.
1592 944 1725 990 naman
1746 923 1816 1012 Sig.
1837 923 1870 992 1)
1891 939 1925 990 et
1946 922 2039 992 Cotta.
2053 925 2101 992 M.

479 1044 554 1128 0.).
607 1039 727 1105 Eadem
759 1055 871 1098 vocum
901 1033 1089 1095 consecutio
1118 1051 1189 1094 eoae
1218 1032 1344 1096 videtur
1378 1035 1475 1098 etiam
1502 1037 1537 1099 in
1565 1034 1630 1101 alio
1660 1037 1807 1125 Sigenri,
1845 1058 1955 1124 quem,
1993 1053 2100 1126 utpote

479 1157 701 1228 incertiorem,
729 1149 770 1212 ad
791 1157 976 1231 sequentem
997 1142 1231 1230 paragraphum
1254 1147 1374 1210 remisi.

334 1342 341 1354 ’
483 1369 634 1443 xxvi.
678 1363 981 1436 Anotera
1023 1363 1485 1442 ucrraomoon
1531 1366 1892 1439 rauranum
1930 1371 2106 1442 nom

799 1509 805 1518 -
1017 1517 1024 1528 .
1144 1477 1443 1544 rncnarn

611 1646 639 1703 1.
684 1633 800 1701 Numis
829 1627 1020 1718 Sigenaibna
1052 1627 1158 1694 rimile
1187 1645 1236 1694 est
1265 1629 1352 1695 aliud
1381 1653 1502 1718 genua,
1540 1633 1581 1697 atl
1603 1637 1738 1702 eandem
1760 1633 1872 1703 urbem
1893 1637 2104 1726 probabiliter

482 1751 705 1828 referendum,
746 1748 836 1810 cuius
859 1745 986 1830 quidem
1009 1741 1183 1829 epigraphe
1207 1741 1367 1808 difficilior
1390 1757 1439 1808 eat
1460 1743 1500 1808 ad
1522 1743 1756 1831 explicandum.

613 1863 722 1950 Caput
748 1861 900 1944 Angusto·
926 1856 1043 1919 nodum
1073 1855 1119 1920 od
1143 1861 1205 1919 rin.
1237 1876 1358 1920 corono
1379 1859 1497 1922 laureo
1517 1863 1665 1926 ciactm
1699 1861 1728 1946 )(
1759 1861 1875 1948 Lprn,
1906 1863 1947 1931 ab
1969 1879 2103 1954 atroque
2203 1931 2212 1940 ,

483 1967 1124 2045 1111111111111111111111101111111.
1160 1969 1234 2031 Lm
1258 1967 1306 2046 Α,
1330 1967 1468 2033 Pelleria
1492 1967 1539 2034 lll
1559 1991 1589 2056 p.
1614 1977 1672 2038 121
1698 1995 1751 2040 no.
1777 1981 1828 2041 18.

610 2093 700 2158 ldem
722 2105 833 2176 typar,
865 2087 923 2151 red
945 2083 1121 2172 epigraphe
1142 2085 1267 2172 plenior
1289 2089 1384 2151 trium
1407 2107 1541 2166 vocum,
1570 2091 1806 2175 qnasdedimua
1821 2091 1882 2160 litt.
1898 2093 1937 2160 ll.
1959 2076 2105 2161 Mionnet

485 2209 535 2275 vl
555 2231 585 2296 p.
607 2213 680 2271 ota.
711 2200 794 2266 Tah.
817 2205 871 2278 ³0,
893 2220 945 2263 uo.
967 2204 1018 2262 16.

613 2321 817 2389 llamalrerna
841 2314 1002 2404 (hlircell.
1016 2337 1049 2402 p.
1065 2317 1148 2398 153)
1168 2317 1408 2401 inscriptionem
1427 2313 1602 2401 pleniorem
1625 2317 1684 2384 1111.
1706 2319 1735 2386 B
1761 2321 1839 2410 legit
1861 2345 1930 2393 tum
1945 2346 2020 2414 qma
2037 2330 2102 2415 phn

486 2445 577 2526 (me
600 2455 673 2527 32³2
696 2434 780 2526 ρξῃ)
811 2437 907 2518 regio
937 2427 1009 2513 (vel
1032 2427 1167 2512 namur)
1190 2427 1401 2513 Zeugitaaae
1424 2439 1542 2508 rento,
1571 2431 1605 2496 in
1629 2433 1794 2500 errorihoo
1818 2435 2104 2526 palaeographicia,

487 2575 566 2642 quoa
594 2553 628 2615 in
656 2545 834 2613 Numidicis
866 2540 1029 2608 cumulare
1058 2537 1157 2618 solet,
1196 2539 1259 2604 ribi
1288 2555 1450 2606 coartans.
1494 2541 1532 2606 lu
1559 2563 1624 2606 una
1652 2566 1688 2608 re
1710 2548 1738 2610 ia
1760 2567 1870 2614 varum
1894 2553 2013 2616 vidiae
2034 2574 2107 2618 ceu·

487 2666 606 2733 sendus
641 2674 708 2737 eet,
755 2657 909 2744 plenioris
945 2650 1140 2740 epigraphae
1176 2654 1316 2716 mediam
1344 2673 1455 2718 vocem
1492 2654 1625 2718 eandem
1663 2679 1753 2740 ecoe,
1790 2683 1871 2746 quae
1899 2665 1931 2728 iu
1961 2663 2108 2751 Sigensi-

488 2781 547 2846 bua
578 2784 758 2859 comparet,
794 2787 974 2856 quanquam
1004 2766 1084 2830 haec
1109 2781 1186 2832 naen
1211 2765 1349 2850 legenda
1375 2778 1425 2829 eat
1451 2765 1536 2850 (nou
1559 2765 1666 2854 qma).
1708 2769 1740 2835 A
1762 2791 1837 2841 noan
1861 2777 1893 2840 iu
1917 2773 2109 2864 Sigenrihm

489 2915 541 2958 no.
579 2883 685 2954 XXV
726 2883 853 2969 quitletn
888 2881 972 2944 dure
1008 2880 1130 2964 priores
1160 2875 1288 2940 litterae
1317 2876 1497 2955 differunt,
1533 2881 1590 2944 aed
1627 2884 1801 2950 secundam
1837 2887 1898 2954 1οὰ
1936 2911 2027 2969 earo,
2065 2912 2107 2956 ex

486 2998 708 3070 Vaccensihnr
744 3005 884 3069 coartat,
921 2992 1053 3076 primam
1091 2985 1228 3054 Samaei
1263 3009 1335 3052 esee
1373 2997 1504 3054 cenaeo'
1528 3011 1570 3056 ex
1606 2989 1664 3057 illo
1700 3011 1825 3078 ortum,
1861 3001 1946 3086 quoti
1976 3017 2045 3068 erat
2073 3005 2106 3068 iu

489 3111 679 3203 Sigenaihna
708 3107 770 3172 litt.
798 3105 834 3169 11.
878 3100 1084 3188 Reliquorum
1115 3121 1229 3166 vocum
1258 3119 1340 3179 utra,
1379 3121 1461 3186 quae
1492 3105 1525 3166 in
1554 3102 1584 3167 A
1612 3127 1631 3170 a
1662 3107 1863 3190 1111111111,
1899 3116 1933 3179 in
1960 3111 2106 3182 Btrinm

376 3209 387 3226 '
488 3239 666 3317 postrema,
704 3239 768 3286 noo
798 3230 902 3304 potent
931 3235 994 3278 uon
1024 3213 1088 3298 legi
1117 3231 1204 3292 ann,
1240 3214 1324 3300 qood
1354 3213 1674 3299 Liby-Phoenicium
1711 3242 1784 3287 ecee
1818 3237 1850 3290 et
1885 3235 1986 3314 poter
2023 3251 2109 3294 arear

489 3338 647 3425 (lortarae
677 3347 785 3418 patrea
813 3326 898 3413 mei)
932 3323 1116 3411 significare
1143 3328 1310 3406 existimo,
1349 3325 1465 3392 collata
1495 3330 1607 3394 eadem
1640 3353 1718 3398 voce
1746 3337 1779 3400 in
1810 3338 1982 3426 epigraphe
2010 3340 2109 3426 Liby·

490 3449 660 3538 phoenicia
689 3441 857 3528 'l'uggenri
896 3441 971 3524 (uo.
1003 3439 1063 3520 56)
1100 3435 1157 3502 liu.
1186 3451 1288 3517 exta,
1325 3459 1407 3526 quae
1443 3439 1489 3506 ihi
1519 3445 1690 3528 respondet
1719 3446 1894 3516 Phoenicio
1923 3469 1983 3521 'tate
2008 3463 2109 3539 poter

490 3581 578 3630 mette
615 3558 678 3638 (cl.
714 3575 795 3644 quae
831 3553 1062 3638 disputavimus
1096 3573 1166 3637 pag.
1197 3551 1291 3637 115).
1349 3549 1460 3616 'l'ertia
1496 3573 1579 3634 vox,
1621 3579 1703 3643 quae
1740 3575 1772 3624 et
1807 3565 1877 3648 ipra
1912 3567 1947 3630 iu
1976 3579 2110 3653 utroque

490 3671 640 3759 exemplo
666 3681 844 3754 comparet,
879 3683 948 3753 pon
978 3664 1115 3751 legenda
1145 3665 1281 3729 ridetur.
1340 3661 1425 3728 Nam
1454 3679 1599 3732 extrema
1627 3667 1733 3735 littera
1762 3689 1881 3740 certum
1911 3691 1960 3757 eat
1990 3679 2111 3766 Kopl:

491 3790 598 3856 media
627 3785 759 3861 eadem,
799 3801 879 3866 quae
909 3785 941 3844 ia
972 3795 1048 3846 narn
1077 3781 1179 3865 prima
1208 3789 1296 3858 1111,
1337 3779 1445 3863 itaque
1472 3774 1631 3846 Samuel:
1667 3785 1768 3870 primu
1785 3785 1856 3854 lod
1873 3791 1976 3856 videri
1996 3794 2111 3878 possit:

491 3922 585 3990 quum
624 3919 704 3960 vero
738 3893 800 3959 Jotl
838 3896 871 3956 iu
909 3892 969 3956 hac
1008 3889 1185 3976 epigraphe
1229 3887 1280 3953 hir
1317 3887 1447 3954 ohvinm
1491 3893 1543 3976 (111
1578 3911 1671 3975 mm,
1711 3900 1797 3984 mn)
1838 3901 1935 3969 aliam
1973 3903 2108 3970 formam

492 4013 627 4088 haheat,
668 4008 751 4073 0111
786 4027 825 4068 11
848 4005 997 4069 haheotla
1030 4005 1111 4081 erit,
1148 4005 1220 4066 eina
1247 4001 1316 4066 fere
1344 4001 1488 4080 formu,
1521 4025 1603 4090 qnae
1632 4024 1680 4073 ort
1709 4013 1742 4075 ir
1771 4013 1919 4084 Panorm.
1947 4017 1987 4083 Ε.
2014 4017 2051 4083 F.
2080 4034 2112 4084 et

492 4124 620 4190 Namitl.
642 4131 686 4198 4,
707 4127 737 4184 1.
759 4123 779 4180 2
800 4121 889 4202 (pag.
915 4124 976 4194 18,
997 4139 1050 4180 no.
1071 4121 1124 4178 11.
1140 4114 1200 4196 12)
1222 4111 1263 4179 el.
1288 4110 1372 4178 Chet
1390 4119 1567 4202 acripturae
1590 4139 1758 4188 arumneae
1779 4132 1997 4215 aegyptiacae.
2041 4149 2111 4218 pan

493 4248 610 4312 autem,
642 4255 721 4320 quae
743 4230 835 4294 radix
858 4232 891 4292 in
912 4228 1072 4293 Semiticir
1092 4247 1166 4289 rara
1187 4237 1236 4288 ert
1255 4239 1287 4288 et
1309 4247 1408 4311 paene
1431 4227 1547 4314 dubia,
1576 4251 1633 4316 pro
1657 4253 1718 4320 pm
1743 4241 1894 4326 seriptum
1917 4245 2110 4322 existimem,

494 4367 529 4416 ut
547 4364 617 4420 aaa
646 4367 703 4432 pro
724 4361 786 4414 aar
808 4339 925 4406 Athea.
951 4347 979 4418 1,
1003 4349 1041 4419 l’,
1073 4353 1116 4422 'qn
1139 4358 1198 4423 pro
1221 4347 1258 4421 'qt
1278 4335 1384 4424 Tugg.
1407 4339 1464 4404 lin.
1486 4345 1517 4404 7.
1561 4340 1687 4419 Quibus
1710 4351 1755 4414 ita
1777 4358 1892 4438 positis
1914 4355 2109 4443 epigraphen

492 4463 551 4528 litt.
573 4461 602 4526 A
625 4483 644 4524 n
665 4459 795 4522 ainiatra
818 4456 906 4518 numi
928 4467 1019 4540 parte
1040 4473 1133 4518 arona
1156 4453 1210 4534 (nt
1233 4449 1300 4535 Sig.
1320 4449 1381 4514 litt.
1405 4449 1454 4535 C)
1477 4451 1611 4540 legerim

761 4613 837 4681 epm
866 4607 951 4710 pon
1177 4589 1453 4664 mercamentum
1477 4595 1611 4692 patric
1636 4600 1714 4672 mee'

495 4764 554 4830 litt.
577 4761 605 4828 B
627 4775 750 4825 amem:

706 4893 783 4963 ,gg
814 4887 917 4982 nm
947 4885 1033 4988 pon
1180 4868 1458 4947 munimentum
1483 4877 1649 4974 agmone
1674 4881 1830 4980 (Sigae)
1849 4890 1985 4988 potre'a
2009 4891 2085 4962 rner'

498 5081 673 5146 quanquam
704 5054 816 5120 dubito
846 5053 951 5116 sintne
979 5047 1076 5112 rerba
1104 5053 1188 5137 apud
1215 5051 1417 5121 Miconetnm
1446 5064 1505 5142 (nt
1523 5064 1644 5151 caepe)
1672 5073 1882 5154 transposita,
1924 5088 1957 5138 ut
1985 5078 2016 5138 in
2046 5078 2116 5160 ipeo

497 5194 592 5236 numo
614 5169 754 5256 legatur:

706 5323 782 5390 *nh
812 5322 886 5419 Wl
918 5317 1020 5388 nilo
1186 5303 1296 5398 Siga,
1329 5307 1605 5382 maechantem
1624 5316 1758 5410 potnit
1782 5323 1869 5392 mce'.
