5016 6294
608 655 947 726 INSClilP'l'IONES
971 655 1211 726 Cl'l'lliNSES.
1254 657 1346 727 Vlll.
1370 608 1587 728 Cl'l'lENSlS
1611 659 1759 730 PllllllA.
1919 665 1990 743 125

370 849 448 915 certi
476 849 588 916 munus.
637 847 774 936 Hegias
801 845 845 914 V.
873 847 958 914 Vsu.
993 847 1224 934 interpretandi
1259 845 1402 940 pericula
1430 845 1507 913 olim
1538 851 1698 936 promissa
1733 851 1785 930 (v.
1818 849 1899 917 tiber
1926 853 1990 918 des

368 959 503 1047 Hyllos
525 961 585 1028 der
605 963 697 1028 alten
725 961 816 1027 Wett
838 981 869 1048 p.
890 961 974 1049 149)
995 963 1030 1026 in
1053 958 1214 1048 publicum
1239 982 1303 1026 non
1325 963 1443 1025 emisit.

1132 1171 1225 1238 Vlll.

823 1305 1240 1377 CITIENSIS
1289 1308 1536 1375 PRIMA

368 1497 510 1562 omnium
541 1495 728 1563 difficillima
758 1509 827 1577 est,
865 1496 906 1560 de
929 1516 993 1582 qna
1015 1515 1128 1575 nemo,
1158 1496 1242 1580 quod
1263 1495 1380 1575 sciam,
1410 1493 1462 1560 vel
1483 1495 1649 1562 verbulum
1673 1497 1780 1562 dicere
1799 1519 1898 1564 susus
1918 1512 1987 1564 est:

367 1621 532 1694 praeterea
561 1609 646 1677 haud
675 1613 742 1676 scio
773 1631 815 1674 an
847 1611 990 1674 omnium
1021 1608 1229 1693 gravissima,
1265 1621 1374 1694 utpote
1403 1630 1467 1673 nou
1491 1605 1677 1694 sepulcralis
1702 1627 1733 1676 et
1755 1613 1895 1697 privata,
1931 1611 1989 1676 sed

366 1719 530 1806 publica,
549 1736 582 1787 et
609 1724 749 1810 quinque
777 1719 970 1808 populorum
998 1701 1234 1806 regnorumque
1267 1723 1398 1785 uomina
1425 1723 1609 1802 continens,
1645 1723 1742 1787 modo
1772 1726 1880 1788 omnis
1902 1735 1988 1788 recte

364 1829 432 1920 legi
461 1847 494 1900 et
523 1833 678 1922 explicari
706 1837 842 1923 possint.
894 1831 986 1911 Quae
1016 1833 1163 1920 equidem
1192 1829 1311 1920 legisse
1340 1831 1420 1898 mibi
1450 1834 1576 1914 videar,
1613 1838 1725 1922 paucis
1755 1837 1875 1902 dicun:
1906 1856 1988 1922 quac

367 1947 483 2013 derum
504 1945 692 2034 suppleant,
719 1950 782 2036 'qui
802 1948 935 2034 possint.

493 2092 545 2158 De
574 2097 676 2180 primu
704 2096 864 2159 sententia
893 2113 993 2178 usqua
1024 2090 1065 2154 etl
1092 2088 1150 2157 lin.
1176 2095 1189 2153 1
1222 2091 1330 2171 meu,
1368 2093 1470 2180 deque
1495 2091 1608 2180 figuris
1635 2093 1736 2159 latino
1758 2092 1796 2159 M
1816 2091 1987 2174 similibus,

366 2204 449 2272 nibil
469 2205 603 2272 definio:
634 2227 733 2272 unum
756 2203 949 2270 vocabulum
971 2205 1050 2269 satis
1072 2205 1275 2290 perspicuum
1298 2205 1426 2271 videtur
1448 2223 1576 2278 *niente
1607 2206 1745 2294 (palatia
1766 2207 1901 2291 meai),
1936 2209 1988 2272 cui

366 2317 471 2386 simile
492 2322 649 2405 reperitur
670 2317 729 2386 lin.
752 2326 781 2384 2
824 2318 903 2384 lnde
925 2341 946 2383 a
966 2316 1022 2383 lin.
1048 2323 1063 2381 1
1086 2317 1170 2382 med.
1198 2330 1376 2402 sequuntur
1397 2317 1476 2386 baec
1497 2321 1565 2385 iere
1587 2319 1703 2386 verba:

749 2469 850 2596 rusi
883 2467 968 2592 qiu
994 2466 1135 2567 versi
1167 2467 1279 2593 uini
1309 2470 1440 2571 nort
1473 2470 1585 2597 prs

1003 2635 1218 2712 ...onnes
1249 2609 1378 2717 aanor
1408 2641 1465 2740 qu
1497 2613 1582 2742 pin

364 2787 398 2876 in
427 2807 541 2898 quibus
570 2808 739 2895 quinquies
767 2817 962 2886 memoratur
990 2807 1056 2891 'pin
1087 2825 1153 2873 rex
1182 2819 1335 2892 sequente
1365 2809 1494 2870 nomine
1522 2804 1635 2894 populi
1663 2809 1840 2876 cuiusdam.
1884 2807 1985 2876 Vide·

365 2937 439 3002 tur,
482 2935 519 2986 ut
557 2942 600 2986 ex
637 2917 845 3007 sequentibus
881 2915 1026 3004 colligo,
1074 2915 1298 2984 communibus
1337 2917 1452 3004 borum
1497 2922 1635 3008 quinqua
1671 2943 1785 3010 regum
1824 2922 1983 2988 sumtibus

262 3049 269 3068 ⁸
364 3032 515 3122 templum
542 3034 687 3098 Astartes
716 3044 913 3098 axsmnctum
945 3027 998 3093 vel
1029 3031 1208 3096 dedicatum
1236 3053 1318 3096 esse.
1370 3030 1406 3095 ln
1435 3034 1454 3102 b
1482 3035 1567 3118 'pbnb
1595 3031 1692 3098 lint
1724 3033 1819 3118 (bis)
1846 3037 1984 3122 primum

363 3149 382 3217 b
408 3160 458 3212 est
478 3148 634 3223 auctoris,
671 3147 831 3229 posterius
853 3145 987 3230 genitivi
1007 3157 1084 3208 uota
1102 3145 1137 3209 in
1162 3143 1212 3208 bis
1233 3143 1495 3229 inscriptionibus
1516 3144 1732 3232 frequentior,
1756 3146 1796 3211 ci.
1814 3149 1907 3220 nauh
1923 3164 1982 3237 pult

364 3261 425 3333 η’»
447 3257 593 3322 domiuus
613 3261 714 3342 regas·
733 3261 868 3320 aeterni
887 3252 1018 3320 Numid.
1042 3263 1057 3320 ί
1081 3254 1138 3322 lin.
1159 3265 1179 3322 2
1198 3271 1231 3322 et
1252 3276 1332 3343 qnae
1354 3255 1400 3320 ibi
1422 3256 1673 3325 observavimus.
1716 3259 1769 3324 Ex
1790 3257 1983 3347 populorum

365 3368 550 3438 nominibus
575 3389 673 3433 unum
695 3365 916 3454 intelligoque
939 3368 1051 3458 (qu)
1077 3369 1258 3436 Ostienses:
1280 3369 1321 3433 (le
1336 3367 1468 3457 reliquis
1483 3370 1621 3436 viderint
1636 3369 1703 3436 elii.
1747 3369 1879 3459 Duplex
1895 3375 1982 3438 enirn
2080 3399 2083 3404 ¹

364 3479 556 3561 difficultas,
584 3479 687 3558 altera
709 3481 844 3568 quaein
868 3482 1023 3565 scriptura
1045 3484 1216 3566 depravata
1238 3495 1303 3560 cst,
1333 3479 1499 3562 etaltera,
1527 3503 1608 3569 quae
1622 3487 1663 3548 in
1685 3487 1849 3550 nominum
1872 3484 1984 3570 ἐπιχω-

364 3599 441 3685 ρίων
463 3597 686 3682 ignoratione,
726 3615 814 3659 meas
842 3595 927 3657 vires
965 3593 1108 3671 excedit,
1146 3613 1250 3680 neque
1289 3594 1395 3658 (licere
1431 3597 1533 3660 ausim
1567 3615 1643 3660 nunu
1672 3617 1784 3661 ornnes
1810 3601 1844 3661 in
1875 3594 1983 3684 Cypro

364 3708 538 3798 quaerendi
565 3709 630 3772 sint
659 3728 762 3796 reges.
814 3703 976 3770 Citienses
1005 3721 1111 3770 antem
1139 3706 1271 3793 regibus
1299 3709 1394 3770 etiam
1423 3721 1551 3773 nostrae
1580 3709 1796 3793 inscriptionis
1826 3724 1982 3796 temporo,

363 3823 482 3908 pariter
502 3835 596 3908 atque
619 3822 748 3908 antiqno
775 3830 919 3904 tempore
941 3821 1087 3906 paruisse
1117 3819 1202 3904 (nou
1224 3821 1367 3898 senatui,
1401 3833 1437 3883 ut
1467 3816 1596 3904 volebat
1624 3818 1763 3888 Hamals.
1786 3843 1816 3908 p.
1839 3826 1880 3886 98
1900 3818 1982 3886 false

365 3931 427 4000 Cit.
451 3938 492 3998 2³
519 3935 779 4020 interpretatione
810 3935 925 4018 nixus)
962 3955 1004 3998 cx
1027 3945 1136 3996 nostro
1158 3929 1230 3998 loco
1252 3930 1466 3999 manifestum.
1509 3947 1591 4000 noan
1617 3933 1777 3998 couiicere
1798 3935 1902 4020 possis
1924 3953 1983 4020 pro

364 4050 466 4118 mssa
490 4046 629 4124 dictum,
658 4043 956 4131 prouocasset.
981 4069 1010 4134 q.
1034 4061 1121 4116 narra

490 4192 528 4260 ln
550 4189 674 4279 reliqua
695 4205 784 4278 parte
805 4189 862 4258 lin.
885 4201 905 4258 2
927 4214 1084 4279 agnoscas
1107 4190 1188 4255 baec
1211 4189 1322 4256 verbu:

920 4341 1066 4411 nunu*
1097 4339 1190 4414 unu
1223 4339 1301 4440 pne
1333 4315 1384 4418 ie

358 4467 710 4582 piopterfirm'tatem
731 4491 1035 4572 nceas'ufundnvs't
1057 4514 1083 4556 s.
1107 4489 1260 4556 calcando
1284 4495 1491 4580 constipavit,
1521 4513 1636 4565 nunni
1658 4496 1759 4561 aral.
1775 4498 1872 4588 ιόιιιζιξ,
1897 4493 1982 4556 unde

364 4613 457 4704 &utiq
477 4607 728 4672 fundamentum.

489 4770 594 4836 Linea
615 4775 721 4835 tertia
734 4745 892 4834 'extrema
912 4768 957 4832 ita
976 4763 1052 4854 legi.
1064 4780 1184 4853 potest:

534 4997 541 5005 -
688 4955 817 5057 prunr
848 4927 1026 5029 uranei
1059 4955 1131 5024 uns
1164 4928 1280 5032 *sirm
1315 4953 1399 5024 uss
1430 4958 1516 5026 uss
1548 4953 1638 5026 vnn
1794 5007 1806 5032 .

363 5149 423 5231 pm·
450 5145 626 5210 exaudivit
648 5151 766 5228 putrer
796 5148 832 5207 ris
863 5143 980 5227 templo
1010 5185 1109 5207 ......
1138 5145 1175 5203 s'u
1200 5139 1317 5223 templo
1340 5157 1409 5203 meo
1430 5140 1594 5205 Asturius
1615 5139 1795 5221 aedificate
1817 5141 1981 5207 exaudiat

363 5277 422 5322 noe
442 5259 463 5324 i.
478 5277 507 5322 e.
531 5259 652 5326 utinam
674 5277 812 5335 numen,
842 5256 926 5341 quod
948 5253 1124 5320 maioribus
1148 5253 1266 5318 nostris
1288 5253 1321 5316 iu
1343 5249 1407 5315 alio
1430 5273 1530 5338 ecque
1554 5267 1680 5319 vetusto
1707 5251 1824 5340 templo
1846 5255 1981 5319 adoran·
2007 5264 2012 5278 ⁸

362 5369 448 5437 tibus
476 5370 646 5456 propitium
674 5368 751 5448 init,
787 5369 884 5435 etiam
915 5367 1008 5434 nobis
1036 5371 1068 5434 in
1101 5387 1185 5434 novo
1216 5387 1306 5431 sacru
1335 5353 1528 5432 iacientibus
1557 5369 1727 5453 propitium
1749 5369 1801 5434 sit.
1845 5367 1978 5433 Precum
