4924 6304
337 651 633 722 monuments
648 651 797 722 SEMl'l'.
813 653 1003 722 AEGYP'l'.
1025 651 1350 766 Lxxtvthxv.
1362 657 1414 724 ΡΑ
1420 657 1521 726 ΡΥΒῙ
1536 659 1841 730 BLACASSlANIr
1883 663 1968 740 245.

547 853 567 919 1
663 887 680 917 ·.
709 901 718 918 .
772 843 873 942 quod
898 845 1005 920 dabit
1029 849 1065 920 ei
1089 860 1200 944 pater
1224 851 1326 923 eius¹
1353 905 1548 925 ......

545 981 568 1048 2
671 1031 715 1050 ..
767 977 943 1073 pn'noeps
969 977 1144 1050 Deorum
1169 975 1333 1076 Aegypti
1360 981 1431 1080 put'
1478 1037 1672 1056 ......
1789 1003 1791 1008 ·

546 1109 568 1176 3
673 1157 869 1177 ......
921 1105 1133 1208 (dempti
1154 1124 1192 1183 et
1219 1123 1326 1184 erant
1377 1167 1385 1184 .
1413 1106 1421 1182 '.
1451 1166 1459 1184 .
1488 1167 1496 1182 .
1526 1167 1535 1182 .
1564 1168 1572 1184 .
1610 1215 1612 1220 ,

544 1237 569 1305 4
674 1287 870 1306 ......
923 1248 962 1307 et
979 1236 1130 1334 peribit
1153 1239 1307 1313 abactio
1358 1295 1547 1313 ......

544 1369 565 1436 5
670 1417 866 1436 ......
908 1365 1034 1460 foras
1059 1367 1201 1442 dacica
1224 1379 1283 1442 est
1305 1371 1366 1444 vir
1417 1423 1610 1443 ......

543 1495 588 1564 6ι
918 1508 1110 1590 superte,
1145 1497 1479 1590 BarCibrah,et

547 1627 566 1692 7
673 1677 862 1697 ......
915 1623 1116 1700 benedicet
1140 1629 1251 1703 nobis
1277 1629 1333 1701 ad
1356 1627 1572 1700 accendam
1597 1639 1635 1700 et
1662 1677 1819 1698 .....

543 1758 565 1824 8
667 1767 707 1826 et
733 1753 915 1826 dixerunt
940 1755 975 1825 ei
1001 1753 1172 1832 dolorem
1197 1783 1323 1832 meam
1349 1813 1358 1830 .
1462 1812 1471 1830 .
1499 1812 1545 1829 ..

543 1885 566 1956 9
669 1935 858 1956 ......
909 1887 1382 1962 inrivo....ihis'
1389 1939 1583 1960 ......
1706 1947 1710 1958 .

332 2045 365 2108 in
389 2043 503 2130 quibus
529 2071 569 2112 ne
591 2047 712 2158 frugtra
735 2047 839 2114 oleum
864 2067 897 2115 et
918 2075 1047 2138 operam
1069 2055 1245 2139 perdidisse
1269 2053 1452 2132 videamur,
1475 2055 1514 2116 de
1530 2058 1648 2116 vers.4
1671 2063 1703 2113 et
1724 2053 1742 2113 5
1765 2050 1954 2113 remittimus

330 2161 372 2226 atl
400 2159 429 2235 i.
454 2167 492 2242 3,
532 2176 564 2226 et
593 2161 749 2241 latemur,
785 2165 817 2226 in
847 2163 954 2230 verbis
983 2181 1075 2235 aaa:
1109 2167 1166 2251 (L.
1190 2167 1294 2247 neza)
1323 2163 1462 2230 Versti
1491 2178 1523 2229 et
1548 2181 1645 2254 aaut>
1677 2161 1737 2248 (L.
1758 2162 1872 2249 neap)
1895 2179 1954 2223 n'os

332 2277 545 2338 coniecturam
576 2277 678 2360 magis
707 2297 749 2339 ex
779 2274 909 2363 linguae
936 2275 1045 2342 indole
1074 2281 1225 2364 petitam,
1257 2302 1350 2366 quarn
1386 2277 1513 2344 litterae
1542 2277 1679 2365 figuram
1708 2279 1741 2340 in
1770 2271 1954 2362 apographo

331 2385 507 2452 exhibitam
531 2401 658 2454 secutos
680 2409 771 2469 esse,
801 2391 912 2454 sedin
937 2388 1054 2455 talibus
1079 2389 1124 2455 nil
1148 2391 1283 2458 delinire
1305 2370 1409 2478 posse.
1669 2379 1672 2404 ⁵

942 2580 1339 2596 *—

457 2709 586 2776 Praeter
607 2709 668 2774 hos
690 2731 828 2796 papyros
850 2709 1076 2778 Blaeassianos
1098 2712 1238 2777 Lancius
1259 2727 1414 2778 memorat
1429 2715 1492 2779 duo
1507 2711 1571 2778 alia
1584 2711 1764 2799 fragmenta
1778 2728 1954 2797 papyraceo

265 2817 266 2826 ’
330 2822 442 2886 eodem
477 2827 655 2910 scripturae
690 2847 810 2910 genere
842 2823 990 2912 impleta,
1031 2822 1167 2890 alterum
1198 2804 1396 2911 Borgianum
1430 2829 1462 2890 in
1499 2826 1711 2912 propaganda
1744 2833 1952 2896 asservatum,

329 2931 465 2998 alterum
493 2941 681 3023 rescriptum
712 2939 745 3001 in
779 2937 975 3004 bibliotheca
1009 2933 1187 3018 Vaticana,
1227 2939 1311 3023 quod
1348 2939 1476 3024 quidem
1509 2955 1675 3024 utrumque
1705 2959 1725 3000 a
1758 2957 1793 3000 se
1830 2931 1953 2996 Romae

330 3047 525 3133 descriptum
555 3049 721 3114 nobiscum
751 3053 1015 3128 communicarit,
1046 3072 1108 3136 qna
1133 3063 1183 3115 est
1203 3047 1423 3130 humanitate,
1454 3049 1654 3135 Seyffanhus
1676 3048 1720 3114 V.
1744 3046 1794 3114 Cl.
1814 3045 1953 3113 liberum

329 3181 371 3242 ea
406 3162 523 3226 edendi
558 3161 727 3226 arbitrium
762 3161 856 3226 nohis
896 3165 1090 3248 permittens.
1153 3161 1219 3228 Sed
1250 3166 1363 3229 eodem
1396 3179 1537 3250 tempore
1571 3161 1706 3230 Boetius
1744 3159 1838 3226 nohis
1866 3158 1954 3222 misit

330 3273 712 3362 utriusque-exemplum
749 3295 792 3338 ex
826 3273 1008 3360 apographo
1046 3273 1222 3358 Seyfferthi
1263 3275 1362 3362 lapidi
1401 3280 1589 3363 inscriptum
1630 3297 1692 3340 una
1729 3295 1816 3366 cum·
1842 3271 1954 3358 alpha·

329 3385 404 3452 beto
437 3401 470 3452 et
506 3384 616 3451 tabula
649 3387 800 3452 cistarum
829 3387 863 3450 iu
900 3407 1020 3472 papyro
1057 3383 1219 3452 Vaticano
1255 3409 1275 3452 a
1313 3409 1348 3452 se
1386 3391 1629 3476 indagatorum,
1673 3411 1750 3453 mox
1785 3391 1819 3452 in
1852 3385 1954 3450 altera

328 3497 433 3565 libelli
458 3503 588 3583 saepius
615 3497 735 3563 laudati
765 3498 923 3585 particula
951 3499 1121 3564 edendnm.
1176 3495 1281 3574 Quam
1311 3503 1414 3586 ipsam
1446 3501 1488 3567 oh
1517 3523 1644 3567 causam
1675 3522 1735 3566 nos
1765 3499 1805 3564 ab
1836 3497 1952 3563 horum

327 3613 580 3698 fragnrentorum
602 3613 742 3676 editione
764 3611 988 3678 abstinendum
1011 3613 1203 3699 putavimus.
1246 3607 1420 3678 Noluimus
1441 3616 1528 3680 enirn
1549 3618 1619 3680 viro
1636 3613 1822 3678 doctissimo
1835 3613 1953 3676 iustam

327 3728 451 3811 primae
473 3727 623 3790 editionis
645 3723 771 3788 laudem
795 3727 996 3810 praeripere,
1024 3723 1211 3810 praesertim
1233 3743 1328 3806 quum
1349 3725 1404 3803 id,
1434 3727 1518 3812 quod
1536 3747 1633 3790 unum
1647 3727 1680 3788 in
1697 3723 1748 3788 hia
1762 3723 1952 3809 fragmentis

327 3841 463 3923 turpiter
485 3837 605 3903 habitis
627 3850 659 3901 at
678 3839 748 3922 ipso
771 3835 953 3921 Seyffertho
975 3837 1096 3902 latente
1116 3837 1173 3898 vix
1194 3837 1274 3898 satis
1296 3851 1443 3901 accurate
1458 3839 1627 3923 descriptis
1643 3837 1799 3922 praestari
1816 3849 1951 3920 poterat,

325 3949 507 4016 litterarum
542 3966 575 4015 et
610 3951 761 4015 cilrarum
797 3951 989 4037 indagatio,
1021 3947 1062 4014 ah
1099 3970 1138 4014 ao
1175 3948 1462 4034 immproestitum
1499 3971 1571 4014 esse
1607 3947 1951 4024 animadverteremus,

326 4067 461 4132 omnino
484 4078 591 4130 autem
613 4062 665 4129 his
686 4063 876 4150 fragmentis
896 4063 931 4128 in
953 4061 1063 4128 Beerii
1082 4059 1167 4127 libro
1189 4067 1296 4151 aptior
1316 4063 1407 4134 locus
1430 4067 1492 4141 sit,
1528 4083 1622 4150 qoam
1644 4064 1679 4127 in
1702 4073 1823 4143 nostro.

857 4451 1430 4524 CAPUTNONUM.

464 4605 1283 4691 ranrnnornoanrcm
1343 4611 1437 4688 nr
1496 4605 1813 4687 srunrs.
1954 4565 1957 4571 ’

455 4811 626 4902 Postquam
656 4829 796 4878 nostram
827 4811 866 4876 de
895 4804 996 4873 titulis
1024 4827 1099 4872 vere
1130 4807 1314 4879 Phoeniciis
1342 4815 1590 4900 disputationem
1611 4811 1676 4875 iam
1696 4815 1832 4914 septimo
1856 4806 1951 4874 huius

325 4923 401 4991 lihri
419 4903 523 5013 capite
537 4925 735 4992 absolvimus
749 4938 782 4991 et
795 4933 909 4990 octavo
923 4919 1009 4986 aliud
1025 4937 1304 4990 monumentorum
1316 4949 1419 5014 genus
1436 4927 1653 5004 tractavimus,
1679 4923 1774 5010 quod,
1797 4919 1873 4987 licet
1886 4943 1951 4986 uon

325 5035 546 5118 Phoenicium,
568 5053 675 5108 tamen
689 5061 762 5105 cum
775 5037 827 5103 his
842 5037 955 5120 intima
967 5034 1208 5118 necessitudine
1221 5041 1425 5106 coniunctum
1442 5053 1502 5118 est,
1517 5037 1657 5118 taudem,
1681 5056 1722 5100 ne
1738 5037 1813 5122 quid
1831 5050 1951 5101 temere

324 5154 474 5218 omisiwa
487 5154 663 5232 uideamur,
677 5153 761 5239 qood
773 5151 848 5218 huic
859 5160 1136 5217 monumentorum
1149 5153 1261 5234 generi
1274 5167 1519 5217 annumeratum
1531 5164 1592 5230 est,
1608 5151 1648 5216 de
1660 5145 1823 5216 nonnullis
1837 5171 1950 5214 monu-

324 5267 443 5332 mentis
456 5267 574 5330 veteris
590 5269 766 5351 scripturae
781 5285 877 5353 agere
892 5266 995 5332 visum
1012 5279 1072 5346 est,
1088 5287 1170 5353 quae
1186 5266 1299 5350 partim
1314 5265 1441 5352 quidem
1456 5265 1608 5351 genuina,
1619 5264 1677 5330 sed
1692 5260 1947 5340 nonl’hosnicia,

323 5379 442 5465 partim
450 5375 637 5459 Phoenicia,
652 5393 790 5445 adaman
806 5401 869 5446 non
885 5381 1025 5467 genuina
1038 5387 1123 5447 sunt.
1154 5377 1238 5448 'l'um
1256 5381 1340 5446 enim
1358 5375 1506 5445 nonnulli
1523 5377 1562 5444 de
1577 5373 1757 5452 litteratura
1773 5375 1948 5440 Phoenicia
