4922 6300
455 670 472 716 ··
496 661 572 738 328
643 651 998 733 annumerans.
1042 653 1102 720 nn
1125 651 1265 720 uuam
1287 650 1551 720 rnonntona
1595 649 1743 720 curor
1765 649 1987 730 ιιιιιιιτιιιι.

495 849 582 937 qnod
603 867 667 912 non
689 845 792 929 magia
823 839 994 908 credibile:
1030 805 1211 928 quanquam
1240 839 1302 904 hoo
1329 840 1459 926 propina
1486 841 1611 906 aoeedit
1639 841 1681 908 ad
1708 839 1886 908 litterarum
1914 827 2114 928 potet'tatent,

496 981 578 1050 qnae
606 973 703 1036 annu,
733 971 837 1034 ’ῆι-ιιι,
869 971 953 1026 ’ππ-ι
975 975 1047 1019 enee
1075 955 1236 1018 videntur.
1290 953 1361 1039 Ego
1383 950 1465 1018 nihil
1489 951 1627 1034 definio,
1660 976 1756 1040 quom
1777 954 1818 1020 de
1839 975 1916 1018 vera
1936 951 2114 1020 litterarum

495 1075 602 1162 figura
620 1070 700 1136 mihi
721 1091 784 1134 non
805 1070 884 1134 antia
907 1080 1041 1132 eonatet.
1084 1067 1230 1154 Pagaruo
1251 1063 1329 1131 alibi
1358 1069 1392 1132 in
1423 1063 1585 1132 Cotunrao
1612 1081 1743 1134 moneta
1770 1081 1903 1156 apparet
1923 1081 1956 1132 et
1977 1067 2114 1134 tortam

496 1191 529 1252 in
552 1189 621 1251 eiua
644 1185 763 1248 vioinia
783 1183 872 1245 numi
893 1183 995 1268 patria
1017 1179 1199 1266 quaerenda
1221 1191 1279 1244 ent.

623 1303 655 1362 5.
701 1293 779 1360 Dato
810 1299 924 1380 capita
953 1295 1069 1360 ot'rt'lta
1097 1294 1251 1357 laureata
1284 1297 1405 1378 togata
1433 1291 1480 1356 ad
1507 1291 1559 1372 d.,
1595 1312 1698 1378 tapra
1718 1291 1805 1358 dttae
1827 1295 1954 1359 atellae.
1982 1293 2010 1380 )(
2038 1291 2116 1358 Dao

497 1418 575 1498 epar·
599 1407 794 1496 gradientes
823 1408 869 1471 ud
888 1407 919 1470 d.
948 1428 1046 1493 snpra
1067 1407 1232 1491 inscriptio
1253 1403 1445 1484 Phoenicia,
1484 1426 1579 1492 qnam
1599 1402 1659 1468 litt.
1682 1405 1711 1470 L
1735 1406 1880 1471 dedimut
1906 1405 1948 1470 ad
1977 1404 2117 1471 delinea-

495 1526 616 1588 tionem
636 1519 798 1584 Mionneti
819 1518 883 1584 tab.
899 1524 940 1583 20
964 1539 1018 1584 no.
1034 1523 1077 1584 to
1101 1515 1163 1604 (T.
1178 1515 1201 1582 1.
1216 1540 1245 1603 p.
1263 1522 1324 1583 273
1335 1521 1365 1598 ),
1387 1515 1450 1582 litt.
1467 1517 1504 1582 M
1519 1517 1559 1580 ad
1572 1515 1669 1582 delin.
1684 1515 1905 1584 Bellertnanni
1928 1517 2007 1603 (lv,
2022 1541 2054 1604 p.
2067 1519 2116 1600 8).

622 1631 658 1698 ln
687 1643 820 1718 utroque
850 1629 1034 1717 apographo
1064 1633 1146 1695 dnae
1170 1643 1350 1717 postremae
1373 1628 1498 1694 litterae
1521 1627 1583 1694 tibi
1609 1643 1773 1710 eonataut,
1811 1631 1868 1696 aed
1889 1647 1938 1722 ata
1960 1630 2116 1720 legendae

496 1762 585 1826 aaut,
615 1767 679 1812 non
702 1761 769 1823 nu,
807 1757 842 1808 nt
863 1743 940 1808 iecit
961 1739 1222 1819 Bellerrnennua3
1257 1745 1359 1828 prima
1379 1763 1400 1808 a
1420 1739 1648 1808 Bellermnnno
1670 1745 1789 1810 reotiua
1812 1745 1898 1832 pieta
1918 1741 2021 1830 Aleph
2044 1763 2115 1808 eree

496 1864 628 1927 videtur.
672 1856 720 1922 [tu
741 1857 849 1943 prodit

1272 1958 1344 2024 ηωῑι

496 2081 582 2169 qnod
605 2077 755 2142 hebruino
778 2075 895 2168 (ηιξιι)
917 2081 1157 2141 incantatorem
1178 2075 1356 2162 signifieat,
1385 2073 1461 2140 tri.
1491 2089 1598 2140 antem
1621 2097 1653 2140 ιι.
1677 2097 1725 2161 pr.
1748 2073 1840 2142 arbit
1859 2090 1918 2142 eat.
1960 2075 2005 2140 Αι
2025 2077 2114 2140 onina

496 2193 587 2260 urbia
611 2192 742 2254 uniusve
764 2189 906 2273 regiouit
931 2189 995 2267 ait,
1024 2209 1063 2252 eo
1091 2191 1197 2253 rninoa
1225 2186 1364 2268 definio,
1393 2209 1489 2276 qnam
1517 2189 1588 2274 ipae
1616 2209 1747 2254 numam
1770 2209 1834 2255 non
1856 2190 2115 2255 examinaverim.

497 2305 682 2371 Mionnetna
703 2299 725 2364 Ι.
745 2321 772 2364 e.
793 2319 866 2363 ento
889 2297 1009 2366 Sieuiia
1031 2314 1238 2365 annumerat:
1278 2299 1524 2366 Bellermannua
1552 2299 1693 2368 Amathe
1723 2299 1822 2387 Cypri
1851 2301 1961 2367 tribuit
1990 2303 2115 2388 epigra-

499 2417 581 2504 phen
603 2411 715 2501 legent
738 2429 829 2492 nott,
852 2413 939 2498 qnod
959 2415 1118 2498 porterioa
1139 2411 1224 2478 haud
1246 2411 1343 2479 dubie
1363 2411 1481 2478 saltatu
1503 2427 1563 2479 eat.

623 2531 654 2592 o.
698 2523 824 2590 Nomou
853 2545 895 2589 ax
923 2523 1021 2612 longo
1050 2525 1218 2591 rotundat.
1275 2527 1363 2592 Auia
1398 2523 1548 2614 (aquila)
1583 2526 1630 2592 ad
1662 2533 1831 2592 ιιίιιιινιιιι
1862 2533 1899 2592 t'tt
1929 2535 2113 2612 tetragono.

498 2641 585 2706 Pone
613 2651 761 2725 quattuor
789 2635 936 2717 litterae,
976 2659 1055 2726 quaa
1081 2635 1326 2702 Bellermannua
1355 2635 1410 2724 (11
1439 2641 1474 2702 in
1504 2639 1570 2723 tit.)
1598 2641 1644 2704 ita
1673 2641 1794 2724 pinxit,
1832 2654 1867 2704 ut
1887 2660 1947 2704 noa
1969 2639 2114 2704 dedimna

496 2751 556 2818 litt.
580 2747 631 2830 N,
662 2749 849 2816 Mionnetna
876 2747 920 2836 pl.
950 2753 992 2816 30
1014 2749 1065 2816 bia
1093 2771 1147 2814 no.
1173 2755 1229 2828 11,
1263 2751 1309 2813 ita
1329 2761 1365 2814 ιιι
1384 2747 1446 2814 lite
1468 2747 1508 2814 0.
1550 2748 1636 2816 Ante
1658 2763 1806 2836 quattuor
1827 2753 1920 2838 sigua
1939 2747 2001 2816 litt.
2022 2749 2058 2816 P.
2088 2753 2115 2835 )(

503 2865 629 2934 Taum
650 2873 742 2929 ιιαιιι
762 2863 807 2927 ud
826 2867 888 2926 titt.
2039 2949 2041 2952 Ι

623 2973 869 3042 Bellerrnannua
892 2971 953 3057 (Π,
976 2995 1008 3059 p.
1023 2978 1076 3038 20·
1091 2977 1155 3056 2¹)
1177 2971 1371 3058 epigraphen
1394 2971 1474 3060 legit
1495 2976 1589 3064 ttipn
1613 2973 1755 3042 Sicilia:
1784 2977 1840 3042 aed
1860 2978 1961 3044 Atiae
1982 2981 2114 3044 minoris

499 3109 630 3156 numum
659 3107 749 3166 aare,
785 3087 937 3151 universa
957 3087 1028 3151 eiua
1049 3087 1130 3149 ratio
1153 3085 1263 3164 dooet,
1299 3098 1332 3150 et
1354 3099 1441 3150 reete
1463 3084 1650 3154 Mionnetuu
1676 3108 1748 3155 eum
1771 3089 2114 3156 Persico-Phoeniciis

499 3214 697 3268 annumerat.
756 3195 926 3277 Ceterum,
964 3199 994 3262 oi
1029 3197 1125 3262 tnodo
1159 3209 1247 3260 eerte
1281 3211 1331 3262 eat
1364 3196 1582 3264 Beliormanni
1611 3199 1807 3282 delineatio,
1843 3203 1940 3269 lertio
1965 3201 2023 3268 iila
2049 3225 2112 3270 non

499 3311 763 3399 reprehendenda
783 3313 861 3389 erit,
883 3323 915 3373 et
936 3311 1029 3398 ttbptn
1050 3306 1103 3372 vel
1125 3307 1213 3374 urbia
1236 3331 1352 3376 nomen
1374 3309 1428 3376 vel
1446 3313 1559 3378 cidara
1580 3327 1691 3380 notare
1712 3317 1822 3400 pottit.
1865 3315 1976 3404 Atept
1989 3315 2113 3383 litterae

499 3425 604 3492 forma
624 3424 737 3490 oadern
758 3433 920 3508 artatque
941 3425 975 3488 in
998 3423 1103 3488 numia
1125 3419 1403 3490 Maccahaeorum.

624 3543 655 3604 7.
697 3533 821 3601 Nomou
838 3533 900 3622 litt.
924 3532 962 3613 Q.
985 3533 1014 3600 tt
1034 3557 1055 3599 a
1076 3533 1201 3620 Bayero
1220 3538 1334 3622 repetii
1354 3537 1420 3602 tab.
1446 3542 1476 3604 3.
1499 3557 1548 3602 uo
1564 3543 1647 3616 8.9,
1684 3541 1739 3623 qni
1761 3559 1819 3607 eon
1837 3539 1967 3608 Afrieao
1989 3542 2113 3624 tribuit,

499 3671 602 3740 neque
624 3671 758 3737 nuquam
778 3645 857 3714 olibi
878 3648 1019 3735 depictor
1040 3648 1118 3713 vidi.
1601 3637 1605 3646 ⁴
