5016 6294
379 689 384 702 .
525 635 663 704 tusca.
679 635 1065 706 obulco-Nttttttttltt.
1095 638 1184 706 nvt.
1200 637 1485 706 Tubunnusts
1498 639 1732 708 BlLlNGUlS.
1871 650 1944 724 193

325 825 365 890 ad
387 826 607 910 inseriptioois
627 823 827 890 Ronetteonis
840 827 1137 912 interpretationem
1155 829 1304 905 adduxit,
1327 830 1422 892 initio
1467 828 1623 894 faciamus
1635 853 1655 892 a
1669 835 1800 896 nornine
1815 838 1943 921 proprio

323 957 446 1016 novor,
478 939 563 1022 quod
584 935 641 1000 lio.
661 943 683 1002 3
703 940 737 1001 io
757 937 905 1002 omnibus
927 941 1084 1027 exemplis
1106 943 1242 1025 Libyeis
1260 938 1353 1024 plene
1375 943 1514 1026 quinquo
1533 940 1647 1006 litterir
1659 943 1790 1027 Libycis
1804 948 1944 1031 pingitur
1961 937 1966 953 ⁸

323 1066 355 1116 et
386 1050 445 1114 lin.
473 1055 489 1112 1
522 1063 669 1136 quattuor
698 1065 783 1114 certe
813 1049 927 1115 litteris
950 1057 1102 1120 extremis
1125 1059 1156 1118 in
1181 1051 1554 1139 exeruploOxooieosi,
1589 1055 1671 1118 uude
1695 1056 1800 1121 disens
1821 1057 1943 1124 litteras

321 1163 386 1228 sibi
408 1161 494 1227 buno
516 1164 549 1226 in
574 1163 702 1227 modum
724 1162 938 1247 respondere:

919 1311 1317 1423 3÷1x2

922 1467 1307 1520 nomo*

321 1615 416 1682 quarn
439 1601 578 1686 quinq-ue
599 1590 776 1656 litterarum
805 1591 893 1671 Jod,
914 1593 1005 1672 Pte,
1028 1589 1148 1669 Seleia,
1177 1591 1267 1669 Αιίι,
1304 1591 1373 1655 Tae
1394 1607 1582 1678 potestatem
1605 1598 1699 1660 etiam
1724 1595 1804 1662 alias
1826 1599 1942 1664 oootir·

319 1709 402 1770 rnari
439 1705 631 1770 videbimus.
689 1703 757 1770 Jod
792 1720 899 1770 autem
935 1727 954 1769 a
983 1703 1052 1770 solo
1082 1703 1232 1790 Ternplio
1262 1715 1364 1767 recte.
1380 1707 1498 1790 piotum
1534 1722 1600 1786 ert,
1637 1729 1732 1794 quum
1761 1707 1881 1797 Borgia
1910 1729 1942 1776 et

320 1817 521 1884 oxoniensis
541 1817 679 1904 figuram
702 1819 793 1896 dent,
827 1839 907 1904 qnae
922 1817 999 1881 alibi
1013 1815 1102 1883 Mera
1116 1831 1175 1881 est.
1220 1815 1384 1892 Quattuor
1402 1839 1502 1882 norae
1515 1817 1676 1904 alphabeti
1691 1820 1805 1905 Libyci
1818 1821 1941 1891 litteras

322 1931 415 1996 nobis
443 1933 623 2016 suppeditat
657 1929 847 1996 vocabulum
877 1933 992 2000 boon:
1022 1930 1077 1994 lin.
1097 1941 1120 1995 4
1142 1944 1240 2008 extr„
1278 1932 1369 1993 euius
1397 1927 1526 1995 litterae
1548 1935 1584 1996 in
1603 1933 1733 1998 Punicis
1756 1949 1788 1998 et
1809 1936 1942 2020 Libyeis

322 2057 505 2128 repetuntur
528 2042 621 2110 lin.5
645 2059 726 2109 extr.
771 2041 807 2106 In
835 2056 968 2129 utroque
992 2042 1064 2108 loeo
1087 2043 1212 2108 litterae
1232 2042 1295 2106 sibi
1316 2045 1361 2105 ita
1384 2046 1577 2130 respondent

822 2203 1325 2293 deco:

934 2330 1314 2398 boo-ro

320 2473 356 2534 in
376 2491 437 2556 quo
457 2469 519 2534 hoe
542 2473 658 2533 mirum
683 2471 784 2533 videri
805 2471 924 2554 possit,
956 2463 1047 2552 Caph
1071 2461 1196 2528 duobus
1219 2463 1354 2529 diuersis
1377 2468 1479 2530 modis
1502 2473 1609 2556 pingi,
1642 2495 1820 2559 quanquam
1844 2478 1938 2541 huius

320 2579 444 2644 litterae
465 2581 545 2646 adeo
568 2581 675 2667 plures
696 2581 817 2669 figurae
839 2583 1053 2668 reperiemus,
1085 2577 1223 2646 fortasse
1245 2578 1290 2639 ita
1312 2576 1570 2664 distinguendae,
1602 2599 1635 2647 ut
1652 2584 1733 2648 aliae
1750 2601 1861 2653 tenues
1876 2593 1940 2654 sint

291 2765 296 2778 ⁸
321 2695 382 2778 (τ-
404 2695 557 2781 n=e),
587 2693 671 2758 aliae
692 2697 849 2780 aspiratae
874 2697 941 2774 (=
962 2712 982 2758 2
1001 2723 1046 2751 =
1055 2690 1109 2774 χ).
1153 2687 1300 2754 Tertium
1322 2692 1478 2775 quoddam
1502 2715 1617 2759 nomeu
1641 2700 1823 2782 proprium,
1854 2705 1939 2786 quod

320 2809 450 2872 nonnisi
470 2829 566 2873 unam
588 2829 703 2871 noram
726 2807 864 2870 litteram
887 2807 1043 2888 (Gimel)
1067 2805 1168 2881 sistit,
1206 2816 1270 2867 tres
1301 2807 1461 2868 veroium
1484 2805 1613 2871 aliunde
1636 2811 1780 2894 cognitas
1804 2809 1938 2894 (Solen,

321 2917 463 2999 Lumed,
485 2919 576 3004 Jod)
600 2923 730 3006 egregie
752 2917 938 2998 confirmat,
969 2933 1018 2982 ert
1039 2916 1096 2981 lin.
1117 2925 1139 2980 4
1158 2917 1229 2979 init.

994 3061 1274 3276 2233

320 3345 445 3410 Decem
472 3346 589 3409 litteris
615 3347 660 3408 ita
690 3347 856 3406 nominum
887 3343 1086 3426 propriorum
1114 3360 1174 3422 ope
1202 3341 1362 3427 indagatis
1392 3343 1592 3429 singulorum
1621 3367 1775 3412 versuum·
1793 3348 1936 3414 ordinem

319 3461 422 3522 seouti
444 3457 624 3534 videamus,
654 3458 729 3543 quid
751 3457 923 3518 adiuvante
946 3467 1035 3516 textu
1058 3451 1178 3514 Punico
1200 3467 1364 3536 praeterea
1385 3454 1592 3539 probabiliter
1612 3462 1762 3524 extricari
1785 3467 1895 3546 possit.

446 3604 496 3670 Ao
518 3605 608 3668 lini
640 3619 710 3688 post
730 3601 828 3668 linern
852 3597 942 3662 verbi
964 3617 1070 3666 nouo*
1093 3611 1267 3681 sequuntur
1290 3601 1352 3662 duo
1375 3602 1467 3684 signa
1488 3614 1542 3672 Ξ
1562 3637 1595 3680 ·,
1631 3626 1712 3688 quae
1745 3608 1939 3689 respondent

321 3714 478 3796 uocabulo
505 3735 542 3804 p:
562 3716 662 3794 filiun
699 3733 766 3780 tum
796 3714 827 3777 b.
852 3712 875 3779 l.
905 3727 971 3775 turn
1002 3725 1149 3797 quattuor
1177 3707 1248 3773 aliis
1278 3709 1361 3774 loeis
1382 3709 1439 3774 lin.
1462 3719 1481 3774 2
1503 3710 1560 3774 litt.
1581 3717 1611 3776 6.
1636 3717 1655 3777 7
1689 3715 1726 3798 (ιι
1747 3713 1833 3799 fine)
1864 3731 1938 3780 ante

324 3849 478 3916 apto-ror,
507 3829 565 3894 lin.
582 3835 601 3894 3
621 3828 672 3893 bis
695 3843 766 3914 post
788 3844 895 3894 neruo·
918 3839 950 3889 et
972 3839 1045 3888 ante
1068 3820 1169 3900 illud,
1193 3819 1250 3894 lin.
1270 3831 1293 3885 4
1312 3825 1395 3914 inter
1413 3827 1487 3890 *abu
1518 3837 1550 3886 et
1571 3827 1694 3895 bonno.
1740 3825 1870 3892 Certum
1890 3845 1940 3894 est

319 3945 428 4030 igitur,
452 3942 503 4006 bis
517 3945 618 4028 signis
627 3940 705 4020 filr'r'
718 3944 882 4005 notionem
897 3960 968 4002 esse
983 3937 1170 4014 subieetern,
1193 3935 1250 3999 sed
1264 3950 1370 3999 utrum
1387 3939 1418 4000 in
1435 3935 1545 4023 lingua
1558 3936 1682 4022 Libyca
1696 3939 1860 4005 efferenda
1874 3943 1940 4007 sint

321 4076 378 4145 μ,
396 4078 435 4118 an
451 4052 515 4118 alio
531 4057 636 4133 modo,
662 4075 725 4118 nou
742 4052 871 4116 definio.
916 4049 1055 4115 Videtur
1073 4049 1197 4133 quidem
1213 4059 1265 4118 :
1279 4084 1288 4106 .
1304 4049 1399 4114 etiam
1414 4047 1468 4112 lin.
1484 4051 1601 4114 irned.
1617 4054 1810 4136 respondere
1823 4051 1940 4121 litteris

321 4174 410 4240 amin
434 4185 512 4244 nnn,
543 4169 598 4231 sed
620 4188 716 4253 quum
737 4164 887 4238 :alibi
912 4162 1003 4248 Cupit
1025 4165 1120 4226 nitet
1142 4177 1292 4246 punctum
1315 4159 1537 4227 tin.4tin.5
1569 4161 1606 4248 (a
1627 4161 1714 4248 fine)
1747 4188 1838 4251 pror
1863 4170 1938 4252 poni

320 4285 482 4361 videatur,
512 4280 586 4344 huie
608 4283 656 4343 rei
678 4301 741 4342 non
764 4277 897 4342 multurn
920 4277 1097 4341 tribuerim.
1143 4271 1293 4338 Ceterum
1314 4272 1370 4337 lin.
1391 4281 1406 4338 1
1431 4289 1514 4340 extr.
1537 4279 1569 4339 in
1593 4278 1802 4364 inscriptione
1815 4278 1939 4362 Libyca

321 4397 435 4462 desunt
457 4396 520 4460 duo
541 4395 642 4456 triave
664 4393 772 4476 signa,
802 4411 882 4474 quae
902 4389 1119 4475 respondeant
1142 4390 1264 4472 punicis
1287 4401 1330 4473 'po
1356 4407 1439 4464 rex,
1469 4401 1502 4450 et
1522 4391 1724 4474 reperiuntur
1741 4389 1797 4454 lin.
1815 4397 1834 4455 3
1852 4405 1936 4454 extr.

446 4539 563 4604 trine
593 4539 714 4601 norniui
741 4503 899 4623 rampo-rob
934 4535 968 4596 in
996 4533 1129 4617 Libyeis
1159 4535 1354 4620 respondent
1382 4536 1520 4620 quinque
1557 4537 1670 4620 signa,
1707 4559 1842 4620 quorum
1874 4539 1937 4600 tria

321 4668 471 4720 extreme
487 4650 562 4736 lego
579 4669 664 4738 πρυ.
710 4645 793 4714 Νιιιιι
810 4645 918 4714 Rerclt
936 4627 968 4709 ιιιΙ
979 4645 1069 4710 Mem
1085 4669 1127 4710 ex
1143 4649 1184 4710 iis
1199 4669 1279 4732 quae
1294 4667 1394 4731 supra
1410 4647 1478 4710 dixi
1494 4660 1569 4710 nota
1581 4663 1673 4724 suut,
1698 4651 1782 4711 unde
1796 4648 1936 4712 rnediurn

321 4765 423 4853 Kopl
451 4786 522 4831 ense
552 4763 647 4828 facile
679 4760 823 4849 colligas.
876 4776 945 4844 apto
980 4758 1143 4840 (Matar,
1171 4758 1319 4840 Milone)
1351 4771 1457 4821 autern
1487 4777 1551 4822 uon
1581 4761 1689 4822 minua
1715 4762 1863 4823 unitatum
1886 4773 1937 4824 est

322 4901 415 4966 quoru
446 4895 557 4964 napta,
595 4879 723 4961 arpeo.
780 4872 872 4950 Quae
899 4893 976 4936 vero
1004 4873 1199 4955 praecedunt
1226 4871 1290 4934 duo
1317 4872 1410 4956 signa
1437 4869 1560 4952 Libyen
1593 4885 1645 4943 Π
1685 4887 1747 4944 =
1782 4885 1815 4934 et
1835 4871 1937 4938 tribue

320 4993 449 5058 Punieio
467 5009 529 5060 non
551 4990 758 5075 respondent,
790 4987 925 5051 {ortaree
947 5004 1073 5049 neroum
1094 4980 1294 5070 significant,
1324 4983 1381 5046 sed
1403 4999 1465 5049 'tor
1487 4984 1688 5066 pronuntiari
1704 5003 1767 5046 non
1791 4997 1935 5068 possunt,

322 5125 396 5170 natu
414 5120 484 5182 =‚
523 5119 558 5168 ut
579 5104 735 5179 vidimus,
770 5113 819 5164 ert
843 5097 953 5184 Capi,
985 5109 1017 5160 et
1050 5110 1136 5176 ΓΙ,
1170 5096 1254 5180 quod
1282 5108 1449 5180 praeterea
1477 5093 1584 5158 baben.
1606 5092 1662 5160 lin.
1685 5100 1723 5172 6,
1759 5097 1935 5182 ignoratur.

320 5215 481 5282 Videntur
509 5220 607 5303 igitur
635 5214 756 5298 Libyes
787 5235 818 5276 n.
841 5235 888 5298 pr.
910 5228 1071 5298 napum
1098 5212 1229 5294 (servus
1258 5205 1423 5272 Monartae
1444 5229 1472 5270 ιι.
1494 5204 1665 5292 Herculis)
1702 5205 1747 5270 ita
1768 5207 1938 5290 extulisse,

322 5344 356 5394 ut
370 5351 435 5415 ¹pro
458 5329 579 5395 Punieo
600 5347 660 5397 aar
683 5327 848 5410 Libycum·
864 5322 1053 5390 venabulum
1077 5334 1234 5409 ponerent
1254 5341 1380 5386 reroura
1401 5317 1598 5406 significans
1620 5358 1663 5372 -
1704 5318 1838 5414 Antepn
1851 5324 1934 5408 apud

1518 5445 1558 5503 25
