4922 6300
702 1676 1545 1783 urnun‘ourunus

381 1865 737 1986 LlNGUAlll
779 1883 1290 1989 ΡΗΟΕΝΙΟΙΑΜ
1336 1881 1863 1990 lLLUSTRANS.

967 2167 1274 2178 -.—-.---———

812 2355 1062 2428 CAPUT
1113 2357 1433 2424 PRIMUM.

534 2512 843 2590 LINGUAE
873 2513 1189 2592 rNDOLus
1231 2512 1312 2588 ET
1351 2512 1706 2590 HISTORIA.

1035 2753 1098 2848 xt.
1142 2757 1172 2816 1.

728 2903 905 2992 Duplex
934 2911 1028 2970 etur
1056 2901 1378 2990 cognoscendae
1397 2897 1511 2982 font,

309 3054 482 3157 Absoluta
502 3093 565 3156 iam
586 3104 867 3156 monumentorum
889 3111 970 3178 quae
995 3089 1171 3156 Phoenicio
1194 3087 1380 3155 charactere
1403 3103 1534 3156 exarata
1550 3105 1624 3155 sunt
1643 3090 1856 3158 illustratione
1870 3117 1930 3182 pro

310 3200 445 3270 oonsilio
477 3217 587 3270 nostro
624 3217 789 3291 superest,
827 3219 863 3267 ut
900 3205 940 3300 (le
977 3201 1107 3290 linguae
1143 3200 1336 3268 Phoenicius
1373 3201 1575 3289 Punicasque
1604 3206 1728 3270 rationo
1760 3220 1792 3271 et
1821 3207 1929 3273 indole

309 3319 478 3402 separatim
509 3337 643 3404 agamus
667 3313 777 3404 paullo
803 3318 975 3401 copiorsiu.
1031 3313 1133 3380 Cuius
1163 3316 1289 3402 quidem
1320 3317 1560 3402 cognoscendae
1588 3315 1745 3403 duplicem
1774 3318 1930 3386 hahemus

308 3427 446 3492 lentem:
489 3449 588 3498 unum
625 3451 760 3516 eumque
792 3449 870 3492 sane
905 3425 1193 3514 locupletissimum
1229 3429 1263 3491 in
1303 3427 1354 3492 his
1387 3430 1468 3514 ipsis
1500 3433 1714 3496 monumentis
1755 3431 1930 3498 domestica
1959 3467 1962 3476 ν

309 3537 487 3606 litteratura
508 3543 654 3628 scriptis,
691 3539 828 3606 alterum
848 3542 881 3605 in
903 3539 1021 3628 glossis
1048 3553 1080 3604 et
1102 3537 1286 3604 nominihus
1309 3542 1445 3627 propriis
1469 3539 1670 3620 Phoeniciis,
1710 3565 1792 3629 quae
1814 3541 1929 3610 litteris

308 3650 442 3720 Graecis
462 3653 652 3742 Latinisque
677 3674 831 3740 expressa
859 3654 944 3741 apud
975 3666 1099 3716 veteres
1127 3655 1297 3737 scriptores
1319 3654 1398 3716 satis
1420 3673 1536 3738 magno
1559 3675 1691 3732 numero
1715 3659 1928 3740 reperiuntur,

308 3766 425 3851 quihus
444 3769 478 3832 iu
501 3765 607 3832 Plauti
628 3763 771 3832 Poenulo
792 3764 916 3831 accedit
936 3762 1170 3829 nobilissimum
1192 3765 1336 3850 integrae
1354 3778 1385 3828 et
1400 3767 1570 3829 continuae
1587 3767 1740 3838 orationis
1755 3770 1928 3851 specimen.

309 3875 483 3966 Utriusque
506 3892 612 3944 numm
636 3881 731 3944 huius
753 3860 852 3944 fontis
873 3899 951 3942 suae
974 3879 1129 3965 quaedam
1151 3878 1299 3962 propriae
1321 3889 1353 3939 et
1369 3879 1503 3941 virtutes
1517 3891 1592 3942 suot
1607 3890 1639 3939 et
1653 3878 1746 3956 vitia,
1768 3892 1801 3942 ut
1815 3895 1927 3945 neutro

308 4013 419 4058 carere
440 3995 557 4078 possit,
593 3995 646 4080 qui
669 3994 852 4057 universam
873 3989 1004 4078 linguae
1026 3987 1166 4055 indolem
1189 4009 1383 4076 cognoscere
1403 3991 1520 4075 cupiat.
1570 3989 1697 4054 Etenim
1722 4005 1927 4057 monumenta

307 4103 365 4170 illa
391 4107 533 4174 secundo
560 4119 593 4172 et
624 4107 718 4172 tertio
743 4103 828 4171 libro
850 4127 870 4169 s
892 4103 985 4170 nohis
1007 4117 1141 4168 tractata
1160 4104 1298 4189 linguae
1317 4102 1444 4188 quidem
1466 4107 1612 4188 scriptae
1634 4104 1808 4190 imaginem
1828 4103 1926 4171 fidam

309 4219 411 4284 neoto
437 4220 557 4284 uostris
584 4231 825 4305 repraesentant
853 4231 905 4296 et,
942 4237 1023 4304 quae
1051 4214 1195 4303 linguam
1221 4213 1336 4280 litteris
1357 4215 1559 4301 exprimendi
1582 4216 1664 4278 ratio
1688 4213 1929 4304 (ipioypoplo)

307 4331 390 4416 apud
425 4329 603 4396 Phoenices
637 4331 826 4416 Poenosque
859 4333 978 4394 usitata
1015 4329 1131 4408 suerit,
1169 4329 1407 4394 accuratissime
1443 4328 1573 4392 docent:
1612 4348 1693 4415 quae
1725 4350 1802 4394 vero
1831 4330 1928 4395 luerit

307 4463 456 4510 ccccm
477 4459 510 4510 ot
526 4449 814 4532 presentationis
836 4445 939 4520 ratio‚'
961 4429 1002 4506 “it
1031 4445 1066 4506 in
1094 4440 1193 4506 dubio
1214 4437 1399 4528 relinquunt
1420 4439 1500 4506 haec
1522 4455 1728 4506 monumenta
1750 4463 1789 4506 eo
1812 4444 1925 4528 magia,

311 4577 405 4641 quum
439 4579 458 4620 a
495 4555 661 4622 vocalibus
692 4555 874 4621 iudicandis
907 4558 1008 4640 paene
1042 4556 1173 4618 omnino
1208 4551 1391 4618 abstineant
1419 4551 1514 4638 (ride
1542 4551 1637 4620 lib.l
1664 4555 1691 4632 i.
1712 4556 1789 4636 40).
1840 4550 1928 4617 Con-

309 4684 357 4734 tra
384 4669 483 4734 verba
500 4669 650 4748 Punica,
686 4691 768 4756 quae
797 4667 882 4754 apud
919 4667 1089 4752 scriptores
1124 4665 1266 4731 Graecos
1301 4662 1525 4752 Romanosque
1561 4667 1780 4751 reperiuntur,
1815 4684 1926 4730 toneat

308 4781 436 4864 quiden
469 4779 585 4848 litteris
614 4781 747 4850 Graecis
776 4781 965 4864 Latinisque
998 4793 1156 4864 utcunque
1191 4799 1378 4864 expressum
1414 4777 1549 4843 curtius
1586 4777 1714 4842 tradunt
1751 4789 1783 4840 et
1810 4775 1925 4862 quihus

307 4891 475 4960 vocalibus
496 4902 542 4960 'ee
576 4896 659 4981 apud
691 4894 818 4960 Poenos
846 4893 1057 4979 pronunciata
1084 4891 1221 4969 luerint,
1259 4910 1318 4954 nos
1346 4889 1497 4954 edocent:
1533 4889 1589 4954 serl
1620 4903 1725 4954 tamen
1755 4890 1788 4952 in
1812 4887 1863 4954 his
1884 4889 1924 4954 orl

306 5019 437 5088 etymon
466 5021 500 5072 et
527 5006 789 5095 orthographiam
813 5006 965 5071 Punicam
992 4993 1185 5069 revocandis'
1210 5022 1308 5086 saepe
1334 5021 1510 5087 permagna
1536 5017 1585 5066 est
1607 4999 1793 5090 difficultas,
1828 5021 1924 5088 quoru
2034 5089 2036 5093 ι

268 5173 274 5184 ,
308 5115 449 5204 volgaris
478 5123 712 5214 pronunciandi
739 5118 822 5186 ratio
853 5119 973 5182 formas
1002 5115 1190 5182 contrahere
1223 5111 1409 5200 litterasque
1438 5114 1480 5178 ad
1507 5127 1635 5198 etymon
1667 5114 1923 5200 cognoscendum
1970 5193 1972 5200 y

308 5235 509 5298 marias
537 5232 701 5321 negligere
721 5231 841 5300 soleat:
877 5233 929 5296 cui
952 5229 1074 5296 accedit
1096 5228 1180 5315 quod
1200 5239 1385 5293 exterorum
1406 5227 1599 5312 scriptorum
1620 5228 1655 5291 in
1677 5225 1806 5293 Punicis
1824 5225 1925 5314 expli·

308 5344 420 5410 caudis
438 5351 613 5418 auotoritas
635 5367 698 5414 aon
722 5347 842 5435 uhlque
856 5347 943 5412 satis
956 5357 1043 5410 certa
1057 5357 1116 5408 ost.
1159 5338 1251 5420 Quae
1271 5361 1369 5428 quum
1387 5342 1433 5406 ita
1447 5341 1523 5420 siut,
1546 5341 1587 5406 atl
1603 5339 1924 5448 plenioremlinguao

1439 5467 1481 5525 42
