4902 6306
466 609 516 677 vl
1062 603 1497 672 PRAEFATIO.

463 799 614 900 publico
653 821 808 900 prorsus
849 795 1044 894 indignum
1078 792 1125 892 ²).
1193 792 1245 867 Et
1276 795 1368 892 quid
1402 795 1572 872 dicamus
1612 797 1660 871 de
1693 801 1790 874 miro
1835 813 1874 874 et
1910 802 2089 900 singultu-i

460 933 710 1029 interpretum
738 943 818 1003 tum
845 932 885 1000 in
912 923 1066 1022 singulis
1092 923 1226 996 litteris
1254 923 1475 1001 definiendis
1501 939 1583 1001 tum
1596 929 1638 1002 ia
1658 929 1814 1025 integris
1829 935 2086 1008 monumentis

462 1061 629 1158 legendis
655 1058 832 1134 dissidiol
851 1059 884 1154 ³)
920 1055 1011 1154 quid
1038 1053 1086 1128 de
1113 1053 1322 1128 eorundem
1349 1057 1447 1130 circa
1469 1056 1671 1133 dialectum
1692 1059 1949 1152 Phoenicium,
1972 1085 2085 1161 quam

464 1191 529 1263 alii
554 1215 689 1289 puram
716 1191 951 1276 hebraicam,
991 1185 1055 1259 alii
1081 1205 1133 1257 ex
1159 1185 1335 1258 omnibus
1363 1185 1531 1260 dialectis
1558 1187 1745 1264 Semiticis
1769 1191 1933 1266 mixtam
1959 1194 2088 1268 existi-

461 1333 634 1410 marunt,
661 1317 853 1393 discemut
891 1313 980 1413 quid
1008 1313 1169 1410 denique
1196 1311 1243 1386 de
1265 1316 1642 1414 interpretationibus
1666 1342 1788 1418 nuper
1813 1319 2021 1398 admodum
2047 1325 2088 1396 in

461 1452 627 1524 medium
654 1451 830 1550 prolatis,
863 1469 955 1542 quas
981 1445 1012 1518 si
1036 1443 1155 1540 legas,
1182 1445 1223 1516 in
1249 1443 1491 1520 Fourmontii
1513 1447 1593 1522 fere
1619 1461 1792 1550 tempora
1816 1449 1992 1527 recidisse
2017 1453 2086 1527 tibi

461 1579 648 1654 videarisl

586 1777 684 1851 'l'am
719 1777 941 1871 exiguarum
976 1789 1103 1847 autem
1138 1774 1177 1846 in
1210 1771 1270 1846 his
1306 1773 1442 1848 litteris
1480 1799 1744 1874 progressuum
1788 1791 1991 1878 tantaeque
2028 1782 2086 1854 in-

459 1921 665 2008 terpretum
715 1919 753 1978 et
800 1903 1008 1977 discordiae
1057 1913 1096 1976 et
1136 1901 1308 1976 licentiae
1358 1915 1510 2000 praeter
1552 1909 1670 2006 ipsius
1720 1909 1777 1984 rei
1827 1907 2083 1986 difficultatem

459 2051 639 2136 quattuor
683 2035 920 2134 potissimum
959 2055 1108 2106 caussas
1147 2056 1228 2106 esse
1274 2033 1546 2108 intelleximus.
1619 2035 1745 2134 Atque
1786 2065 1867 2112 urm
1913 2037 2083 2138 quidem,

457 2169 545 2240 licet
579 2167 720 2254 levior,
766 2187 897 2238 caussa
924 2165 964 2236 in
996 2165 1080 2262 ipsa
1112 2161 1365 2237 subsidiorum
1396 2163 1445 2237 ad
1486 2163 1557 2238 boc
1589 2165 1756 2242 studium
1788 2171 2081 2245 necessariorum

457 2297 604 2370 ratione
641 2297 766 2392 posita
798 2296 912 2368 fuisse
946 2293 1107 2368 videtur.
1159 2290 1210 2364 Ut
1237 2293 1338 2366 enim
1370 2292 1480 2366 facile
1512 2309 1689 2393 apparet,
1728 2299 1919 2373 neminem
1944 2301 2008 2372 vel
2034 2299 2082 2374 de

456 2426 667 2498 litterarum
691 2425 731 2496 in
755 2425 812 2496 his
834 2424 1094 2498 monumentis
1115 2433 1304 2520 potestate
1328 2421 1391 2496 vel
1421 2422 1469 2496 de
1495 2423 1644 2498 dialecti
1670 2425 1803 2502 formis
1828 2430 2082 2528 orationisque

456 2553 630 2628 formulis
652 2567 691 2628 et
717 2567 939 2651 argumento
963 2565 1064 2627 recte
1090 2551 1255 2627 iudicare
1280 2575 1411 2648 posse,
1443 2555 1534 2650 quin
1555 2556 1685 2628 omnia
1710 2557 1774 2630 vel
1795 2569 1894 2636 certe
1920 2559 2082 2656 plurima

455 2683 522 2757 illa
550 2698 799 2760 monumenta
832 2685 956 2783 (quae
984 2683 1156 2783 prolecto
1189 2703 1270 2757 non
1299 2681 1420 2756 multa
1445 2684 1556 2780 sunt)
1590 2683 1731 2760 viderit
1756 2701 1795 2760 et
1819 2687 2080 2788 perpenderit:

455 2815 512 2886 ita
540 2817 774 2912 paucissimis
810 2825 958 2888 tantum
997 2815 1089 2888 viris
1118 2811 1257 2904 doctis,
1293 2816 1427 2912 quiin
1460 2814 1532 2888 boc
1570 2829 1792 2911 argumento
1825 2819 2081 2909 elaborarunt,

452 2942 494 3015 id
519 2945 714 3040 contigisse
740 2944 909 3034 videtur,
936 2967 1011 3042 quo
1030 2944 1262 3034 factumest,
1295 2957 1340 3018 ut
1355 2945 1417 3018 alii
1441 2945 1546 3042 quasi
1562 2947 1733 3020 certatim
1758 2946 1806 3022 de
1826 2947 2086 3024 subsidiorum·

520 3283 554 3366 2)
576 3285 628 3346 Cf.
644 3285 738 3346 Srsn.
754 3305 795 3344 nn
813 3285 899 3346 Sscr
917 3283 1076 3360 indicium,
1096 3283 1128 3342 in
1142 3279 1233 3344 Jour-

456 3387 511 3452 nal
522 3389 573 3452 cles
586 3387 705 3451 Saccas
720 3393 801 3452 1829
823 3409 856 3470 p.
876 3395 939 3450 736
954 3407 1021 3469 sqq.

1303 3279 1385 3366 'tint
1400 3297 1462 3350 itai
1479 3297 1556 3372 βυ
1569 3285 1610 3350 Β,
1621 3282 1776 3366 piaculum
1789 3290 1937 3348 sincerum
1954 3311 1974 3346 a
1988 3291 2080 3348 servis

1301 3383 1470 3447 solvendum
1491 3403 1532 3448 est
1546 3385 1692 3474 felicitae
1712 3402 1739 3448 et
1762 3387 1912 3452 beatitudo
1931 3393 2078 3472 perennis,

515 3543 548 3627 ὃ)
573 3547 617 3608 Ut
637 3547 741 3627 paucis
762 3545 914 3625 exemplis
935 3545 1157 3626 defungimur,
1182 3545 1232 3604 in-

454 3653 579 3733 scriptio
610 3648 802 3734 Tripolitana
829 3653 930 3734 prima
962 3671 1060 3732 eaque
1089 3651 1233 3731 bilinguis

455 3757 529 3840 (no.
553 3759 662 3818 LXIV
687 3757 823 3836 ub.,27
852 3775 885 3836 p.
910 3761 972 3818 213
996 3751 1105 3836 sqq.),
1142 3777 1233 3836 qnam

453 3863 641 3944 Ali-chns
654 3862 739 3922 arcui
753 3859 931 3942 triumphali
943 3863 1082 3922 Romano
1109 3861 1141 3920 in
1158 3880 1233 3940 pro·

452 3967 554 4028 vincia
574 3967 736 4046 Leptitana
765 3965 890 4026 inlinrn
915 3967 1086 4046 litterisque
1111 3965 1231 4024 Latinis

453 4071 558 4132 AVG.
574 4071 693 4132 SVFE.
717 4067 759 4152 (i.
778 4090 807 4130 c.
831 4072 970 4150 Augusto
993 4063 1132 4148 Snietes)
1156 4089 1231 4148 sup-

453 4177 585 4258 positam
614 4175 752 4248 invenit,
797 4173 835 4232 ab
860 4175 1063 4234 Hausnsao
1097 4173 1226 4252 legitur:

453 4280 577 4348 nabsan
608 4277 726 4346 nasib
754 4275 860 4342 ntis:
889 4291 921 4338 ut
947 4279 1080 4360 precato
1107 4291 1230 4360 propter

454 4383 602 4472 defectum
638 4379 807 4460 canalium,
849 4403 868 4440 s
904 4383 1141 4446 Lssonssoso:
1188 4399 1228 4446 nt

454 4488 516 4559 hb!
547 4499 637 4574 pr:
666 4485 779 4552 1155735
806 4483 941 4548 torcular
968 4489 1089 4566 reginae
1109 4489 1139 4546 in
1162 4483 1228 4549 loco

451 4597 588 4676 perenni,
612 4595 649 4654 ab
664 4593 776 4654 Attalo
801 4587 850 4672 (p.
866 4587 966 4672 ⁴65)=
991 4603 1059 4660 ΕΜ
1075 4589 1172 4678 tbi-*5
1190 4607 1227 4677 l³

454 4699 518 4764 aba
540 4696 622 4758 locus
638 4696 744 4760 ducum
758 4691 875 4756 Romae
888 4691 1046 4758 excelsae:
1071 4717 1166 4777 quum
1187 4719 1228 4758 ex

454 4805 546 4865 certis
561 4805 728 4883 scripturae
742 4801 859 4882 legibus
875 4821 938 4861 non
952 4801 1042 4862 aliter
1061 4801 1121 4882 legi
1133 4804 1229 4882 possit

454 4929 564 4989 quam:
590 4907 650 4974 055
667 4915 769 4990 ΕΒΗ
785 4905 898 4974 milii
917 4903 1021 4990 aab)
1041 4909 1227 4990 principatus

440 5013 571 5096 ,imperii
582 5005 713 5072 Romani
729 5025 788 5071 stat
800 5014 831 5072 ia
846 5027 1004 5074 aeternum.
1027 5045 1069 5057 -
1098 5015 1227 5094 Epigra-

451 5117 536 5198 phen
556 5117 651 5176 numi.
666 5116 828 5176 Tarsensis
843 5120 962 5200 egregie
977 5119 1148 5180 conservati
1170 5117 1222 5201 (r.

449 5241 539 5281 num.
569 5223 658 5282 Tars.
690 5223 731 5282 A.
761 5219 824 5280 tab.
855 5227 896 5282 36
928 5243 997 5304 pag.
1029 5229 1092 5287 279
1120 5221 1223 5306 sqq).

448 5325 672 5389 Hsusannus
693 5326 766 5407 legit
779 5335 811 5388 ct
824 5325 1060 5408 interpretatur:
1087 5339 1125 5416 'qt
1142 5339 1223 5416 qnia

1299 3491 1554 3558 erscrscrus:
1579 3491 1646 3579 'pn
1669 3493 1860 3576 casp-tsi
1882 3491 1921 3562 br
1937 3504 1974 3578 *p
1990 3507 2077 3578 'qnia

1302 3593 1440 3658 diadema
1461 3623 1568 3680 purum
1598 3623 1686 3680 super
1712 3596 1858 3660 Atalmo
1881 3601 1912 3658 iu
1934 3601 2094 3680 augustiis·

1301 3703 1399 3778 vitae,
1422 3705 1492 3764 An.
1509 3705 1665 3764 Persou:
1690 3717 1720 3767 u
1737 3715 1863 3770 nassas
1879 3701 1918 3769 is
1935 3718 1974 3772 tu
1991 3718 2077 3772 usia

1301 3805 1367 3886 'an
1392 3809 1522 3866 victorio
1543 3803 1617 3865 baec
1640 3829 1726 3887 super
1743 3805 1946 3870 Abedeserum
1961 3813 2080 3892 princi-

1298 3934 1364 3992 pem
1389 3906 1524 3970 Ciliciae.
1560 3943 1603 3954 -
1646 3911 1788 3972 Titulum
1809 3913 2080 3998 Carthaginensem

1298 4015 1424 4076 tertiam
1463 4015 1659 4095 integerrime
1683 4030 1898 4080 conservatum
1929 4019 2011 4103 (tab.
2038 4027 2078 4082 to

1299 4120 1341 4178 cl.
1375 4139 1409 4198 p.
1439 4119 1500 4178 tot
1523 4117 1612 4200 sqq.)
1648 4131 1810 4202 postquam
1838 4125 2074 4200 Hausscsus,

1297 4223 1439 4304 princeps
1466 4223 1532 4282 eius
1558 4223 1676 4301 editor,
1713 4228 1755 4286 its
1778 4231 2002 4310 explicaverat,
2042 4241 2078 4288 at

1298 4323 1430 4386 tabulam
1450 4330 1580 4388 votivam
1606 4329 1771 4392 numinibus
1794 4331 1927 4396 Thaletis
1942 4343 1973 4393 at
1991 4331 2078 4393 Tio-

1298 4427 1350 4490 lad
1374 4446 1497 4514 propter
1524 4429 1702 4494 vindemiam
1732 4431 1862 4496 oblatam
1891 4438 2073 4514 contineret,

1297 4536 1452 4598 Korruta
1490 4536 1561 4596 inda
1590 4537 1690 4624 effecit
1718 4539 1897 4622 epitaphium
1925 4539 2075 4616 Hastati,

1286 4637 1356 4724 filii
1381 4638 1528 4718 Abamel‚
1567 4667 1587 4704 a
1623 4645 1738 4724 lugente
1765 4643 1896 4727 familia
1925 4649 2073 4728 positam,

1294 4745 1430 4808 Hostus
1460 4749 1502 4808 V.
1533 4748 1614 4807 Ven.
1645 4750 1815 4808 memoriam
1841 4752 1928 4833 pueri
1958 4748 2070 4812 Baali-

1294 4853 1415 4912 Hcmm
1454 4875 1496 4912 ex
1533 4865 1602 4912 voto
1644 4849 1792 4914 immolati
1803 4878 1815 4932 ,-
1858 4855 1956 4916 donec
1986 4855 2074 4916 'nnus

1296 4957 1569 5034 chrssrssnrus
1591 4955 1631 5015 ad
1651 4975 1757 5018 veram
1777 4961 1958 5020 sententiam
1976 4981 2073 5042 prope

1294 5063 1463 5124 accederet.
1509 5058 1561 5120 Ol.
1583 5059 1621 5120 de
1642 5062 1742 5122 nomia
1758 5063 1981 5127 Pmormitsnis
2002 5087 2070 5148 pag.

1295 5168 1379 5244 294,
1409 5131 1633 5226 deiiaulitsnis
1651 5185 1685 5247 p.
1707 5173 1870 5247 doinus,
1908 5169 1947 5232 de
1968 5171 2073 5234 Abde-
2181 5175 2190 5186 ‘

1293 5273 1400 5338 ritanus
1420 5291 1453 5353 p.
1475 5275 1549 5333 cto.
