4992 6292
543 681 878 754 INSClllP'PlONES
898 680 1222 752 ATHENIENSES.
1264 682 1309 751 V.
1331 682 1629 752 ATHENIENSIS
1650 685 1799 754 PRIMA.
1829 703 1843 726 ⁸
1909 692 1982 766 117

372 877 511 943 Persicis
545 889 579 940 at
610 896 631 940 a
658 869 839 958 virginibus
868 870 992 953 cultae,
1027 894 1108 961 quaa
1138 883 1305 960 quaestum
1332 873 1475 956 corporis
1494 869 1661 938 'lacerante
1696 872 1750 940 hic
1778 873 1845 941 illic
1866 897 1982 944 vaccae

370 1010 482 1057 sacrae
510 991 545 1052 in
576 989 646 1052 eius
676 984 831 1050 honoram
862 987 1001 1050 nutritae
1030 987 1082 1066 (v.
1105 983 1278 1070 Spanhem.
1306 983 1342 1053 ll.
1365 1005 1409 1049 oc.
1439 981 1535 1067 Hyde
1562 984 1603 1048 de
1633 983 1690 1050 rel.
1714 1001 1789 1054 vett.
1813 989 1982 1056 Persarum

369 1125 400 1189 p.
422 1108 463 1167 92
487 1122 554 1188 sqq.
586 1097 724 1172 Relautli
746 1097 823 1163 diss.
845 1095 985 1162 Miscell.
1007 1095 1038 1162 11
1058 1119 1090 1182 p.
1114 1103 1175 1163 118
1198 1096 1300 1184 sqq.)-

498 1239 643 1305 Eandem
679 1237 762 1304 hanc
796 1235 936 1301 Dianam
969 1259 990 1301 a
1028 1234 1243 1302 Phoenicibus
1277 1234 1528 1301 Atheniensibus
1562 1233 1679 1302 cultam
1715 1259 1805 1319 esse,
1851 1255 1983 1306 testatur

367 1355 533 1440 inscriptio
555 1363 664 1417 nostra
685 1347 778 1436 (coll.
796 1345 925 1414 Callim.
948 1347 1046 1416 Dian.
1061 1353 1122 1416 173
1142 1348 1252 1436 ibique
1274 1347 1423 1434 Spanh.).
1465 1347 1516 1413 De
1541 1347 1628 1438 cultu
1650 1352 1719 1417 eins
1736 1349 1982 1439 Carthaginensi

368 1466 454 1532 intra
488 1465 547 1551 (aa
569 1465 665 1529 inser.
687 1467 751 1547 48)
778 1477 891 1549 agetur
913 1464 1087 1549 copiosius.
1139 1460 1202 1525 Setl
1226 1474 1259 1525 et
1280 1459 1345 1524 alia
1361 1474 1490 1526 exstant
1511 1459 1605 1526 huius
1631 1461 1798 1549 religionis
1820 1467 1983 1551 ipsiusque

369 1579 508 1644 norninis
530 1597 592 1645 nan
612 1575 749 1661 vestigia
770 1573 856 1641 haud
878 1574 1016 1642 obscura
1036 1577 1070 1640 io
1093 1571 1277 1639 nominibus
1298 1574 1436 1660 propriis
1465 1572 1631 1639 hominnm
1653 1573 1859 1664 locorumque
1880 1576 1984 1642 Phoe·

368 1693 527 1756 niciorum
555 1701 588 1753 et
614 1687 827 1766 Punicorum,
862 1690 892 1753 si
921 1689 1050 1774 quidem
1080 1707 1122 1751 ex
1149 1708 1238 1750 more
1267 1687 1350 1772 apud
1379 1698 1505 1750 veteres
1532 1691 1611 1752 satis
1632 1703 1760 1774 recepto
1783 1693 1877 1755 etiem
1899 1691 1983 1775 apud

366 1801 543 1868 Phoenices
563 1799 751 1886 Poenosque
771 1797 956 1865 hominibus
978 1801 1109 1865 nomina
1130 1801 1257 1885 propria
1278 1800 1347 1864 indi
1367 1796 1531 1876 solebant,
1562 1797 1677 1885 quibus
1696 1822 1731 1865 se
1747 1799 1843 1867 huius
1855 1785 1984 1867 illiusse

367 1915 506 1979 numinis
542 1909 680 1977 cultores
716 1909 943 1998 profiterentur
977 1911 1029 1998 (v.
1056 1911 1231 1976 Commeat.
1260 1923 1404 1976 nostrum
1434 1913 1474 1976 ad
1501 1912 1640 1976 Jesaiam
1678 1911 1719 1977 Τ.
1751 1912 1776 1979 1.
1804 1935 1879 2000 pag.
1910 1919 1983 1979 281.

365 2025 569 2113 Kosegartan
599 2026 639 2090 tle
668 2025 774 2110 prisca
802 2023 1035 2112 Aegyptiorum
1065 2021 1243 2088 litteratura
1262 2046 1294 2109 p.
1313 2025 1395 2107 26),
1425 2023 1499 2087 dein
1522 2045 1579 2109 per
1600 2023 1729 2111 ellipsin
1752 2023 1901 2092 vocabuli
1922 2043 1982 2095 aaa

364 2141 435 2225 ipsa
463 2138 595 2204 deorum
624 2138 756 2201 nomina
779 2137 1026 2223 imponebantur
1057 2134 1121 2223 (cl.
1147 2151 1239 2223 qanta
1260 2157 1319 2220 pre
1340 2151 1432 2225 quarte
1454 2153 1533 2216 aas,
1564 2138 1745 2221 Arrapha:
1763 2159 1821 2223 pro
1842 2136 1984 2203 Abdalo-

364 2272 497 2335 nymus,
520 2249 702 2328 Asers'atcs,
723 2249 913 2315 Aaronem
928 2247 967 2314 al.
989 2269 1019 2313 v.
1032 2247 1089 2313 lib.
1104 2245 1154 2312 lv
1168 2233 1238 2334 cap.
1252 2255 1282 2312 2.
1295 2247 1352 2334 3):
1374 2249 1492 2334 oppida
1508 2263 1614 2314 autem
1631 2271 1687 2336 per
1701 2248 1840 2314 similem
1854 2249 1983 2336 ellipsin
2106 2307 2110 2326 ,

365 2365 506 2428 numinis
531 2360 579 2426 ibi
607 2361 752 2426 studiose
783 2359 860 2426 culti
882 2384 999 2428 nomen
1020 2362 1173 2448 adoptare
1194 2360 1342 2426 solebant
1366 2361 1404 2445 *).
1446 2361 1498 2425 Ex
1519 2364 1627 2448 priore
1650 2375 1756 2428 autem
1778 2384 1896 2450 genere
1920 2361 1983 2427 huc

365 2474 536 2541 referenda
562 2484 638 2538 aunt
667 2472 748 2538 haec
776 2473 941 2562 exempla:
981 2476 1013 2560 1)
1036 2491 1136 2544 nanus
1161 2475 1291 2560 clypeus
1316 2473 1504 2538 Toouttr’ds's
1527 2497 1558 2538 n.
1581 2497 1628 2560 pr.
1647 2477 1708 2539 viri
1729 2472 1790 2540 Cit.
1803 2482 1863 2555 29,
1887 2474 1982 2540 huius

364 2587 522 2665 numinis,
553 2579 637 2672 quorl
659 2597 814 2651 armatum
835 2590 1070 2673 repraesentari
1090 2585 1173 2653 solet
1194 2601 1226 2650 et
1246 2587 1362 2651 iccirco
1384 2607 1456 2650 cnm
1470 2584 1605 2652 Bellona
1627 2601 1843 2673 comparatur,
1866 2585 1983 2652 cultori

248 2751 253 2763 .
364 2701 442 2766 satis
471 2711 591 2784 aptum.
635 2695 760 2762 Tacere
782 2695 878 2779 nolo,
916 2703 951 2765 in
972 2699 1176 2768 Poeoclriano
1199 2697 1294 2764 huius
1317 2697 1401 2764 tituli
1422 2697 1605 2785 apographo
1628 2701 1765 2764 mediam
1788 2699 1928 2777 litteram
1947 2700 1982 2763 iu

363 2833 424 2882 nan
450 2810 575 2877 Lamed
602 2812 709 2896 potios
740 2831 812 2876 esse
840 2810 963 2891 videri,
1000 2835 1095 2900 quam
1122 2810 1217 2878 Nun:
1255 2811 1313 2878 sed
1332 2813 1532 2896 experientia
1554 2811 1679 2891 docuit,
1716 2812 1792 2899 quid
1810 2813 1843 2876 in
1863 2809 1925 2874 hac
1946 2831 1981 2874 re

351 2922 557 3013 ¹apographis
584 2921 787 2988 tribuendum
816 2925 869 2989 sit.
919 2925 953 3008 2)
983 2925 1100 3008 Τέννης
1117 2945 1177 2989 rex
1200 2923 1348 3003 Sidonis,
1379 2935 1414 2988 ut
1433 2923 1575 3002 ridetur,
1600 2945 1657 3010 pro
1679 2922 1822 3010 planiore
1844 2940 1978 2992 nonnas.

364 3040 396 3125 3)
417 3037 563 3114 Mation,
584 3033 758 3118 Myttoacr
770 3036 882 3101 itidem
897 3037 983 3122 regis
1001 3035 1127 3102 Sidonii
1143 3055 1270 3115 nomen,
1290 3034 1382 3122 prob.
1398 3051 1505 3104 nonna
1522 3041 1575 3100 vir
1587 3036 1784 3116 Artemidos,
1804 3039 1977 3109 uthaurna

364 3157 417 3218 οὐ·
443 3149 579 3226 Baulis,
608 3163 790 3215 annuarum
815 3153 869 3212 cir
890 3147 1067 3228 Astarten,
1098 3162 1130 3214 et
1155 3149 1292 3214 fortusse
1312 3149 1347 3231 4)
1369 3146 1545 3212 Masinthc
1566 3161 1599 3212 et
1619 3148 1804 3214 Masinissa
1825 3171 1867 3214 ex
1892 3165 1977 3217 *aab

364 3282 414 3332 nn
437 3280 517 3346 opus
538 3259 612 3339 (ta)
633 3255 799 3336 Neithue,
824 3261 944 3322 omisso
966 3279 1009 3338 rr,
1038 3281 1100 3346 qna
1117 3261 1156 3325 de
1173 3281 1209 3324 re
1226 3282 1304 3325 mox
1318 3259 1452 3324 dicetur.
1496 3261 1547 3324 Ex
1561 3257 1662 3326 altero
1683 3261 1717 3346 b)
1743 3260 1847 3346 Τύνης
1863 3262 1978 3348 (ητος)

364 3388 398 3441 et
420 3371 515 3447 Τῦνις
534 3367 639 3456 (tior)
667 3367 767 3434 iberis
786 3369 995 3454 (nostratium
1009 3369 1134 3456 Tanis)
1156 3373 1303 3458 oppidum
1319 3393 1415 3457 prope
1430 3369 1677 3460 Carthaginem,
1700 3375 1783 3459 quod
1796 3373 1979 3439 Phoeniciis

362 3487 480 3554 litteris
502 3483 683 3567 scripserim
705 3499 780 3575 naq
809 3494 841 3546 et
863 3479 1011 3567 (locum)
1041 3482 1177 3548 Dionae
1205 3505 1235 3568 q.
1261 3484 1289 3548 d.
1318 3485 1532 3558 Artemisium
1559 3483 1798 3571 explicaverim.
1842 3484 1978 3572 Ypsilou

362 3603 386 3666 i.
410 3621 440 3665 e.
473 3615 587 3662 sonum
616 3593 834 3661 obscuriorem
870 3606 983 3660 sextae
1012 3592 1207 3680 Aethiopum
1241 3593 1346 3660 vocali
1381 3594 1519 3660 similem
1548 3618 1568 3659 a
1597 3593 1905 3685 Carthaginensibus
1933 3597 1980 3662 ibi

362 3711 606 3800 pronunciatum
625 3721 657 3772 et
678 3729 697 3772 a
720 3707 853 3773 Graecis
873 3705 1090 3794 Romanisque
1112 3708 1148 3770 in
1171 3705 1337 3772 vocabulis
1353 3706 1482 3771 Punicis
1501 3710 1653 3792 scriptum
1676 3730 1766 3788 esse,
1790 3709 1846 3774 nbi
1861 3709 1979 3774 Sehwa

362 3821 483 3891 mobile
505 3835 559 3888 aut
573 3818 672 3908 Segol
693 3833 777 3900 erat,
799 3823 976 3886 innumeris
990 3820 1059 3884 lare
1076 3817 1234 3905 exemplis
1258 3831 1382 3884 constat
1404 3820 1456 3902 (v.
1469 3817 1527 3884 lib.
1541 3817 1590 3882 lv
1611 3839 1680 3904 cap.
1701 3822 1757 3904 4);
1787 3843 1843 3904 νης
1862 3821 1977 3906 (quor)

363 3951 396 4002 et
417 3960 463 4012 νις
484 3956 541 4023 pro
563 3953 614 4004 nt:
648 3936 809 4000 neminem
838 3932 1023 3998 morabitur.
1072 3936 1106 4016 2)
1131 3933 1235 4017 Τίγγις
1268 3931 1384 4018 Plagis
1406 3930 1646 4010 Mauretaniae,
1684 3933 1768 4018 qnod
1789 3919 1895 4018 ipsum
1916 3952 1976 4002 nan

363 4052 514 4136 scriptum
546 4049 581 4112 in
609 4047 733 4124 numia,
768 4048 823 4132 qui
851 4014 1172 4131 Sextia'Hispanicis
1199 4041 1296 4132 vulgo
1328 4043 1530 4124 tribuuntur,
1567 4045 1729 4108 invenisse
1757 4043 1839 4108 mihi
1867 4045 1978 4112 videor

364 4165 416 4243 (r.
438 4159 496 4226 lib.
519 4157 568 4223 lll
598 4179 626 4224 e.
650 4159 718 4243 16).
745 4194 788 4208 -
822 4155 868 4258 vlp
897 4157 949 4224 his
970 4156 1153 4223 nominibus
1174 4157 1238 4222 duo
1261 4171 1353 4237 sunt,
1394 4154 1535 4244 quaeN
1570 4159 1765 4244 geminatum
1795 4156 1915 4224 habent
1944 4173 1995 4224 et*

362 4276 569 4362 scriptionem
584 4289 658 4356 nean
671 4270 806 4334 suadere
822 4273 957 4355 possint,
981 4271 1097 4356 Τέννης
1109 4284 1141 4334 et
1157 4271 1275 4356 leyacz
1296 4271 1354 4336 aad
1377 4283 1412 4336 ut
1432 4291 1659 4356 nonnunquam
1670 4274 1715 4336 ita
1731 4275 1975 4358 pronunciatum

362 4390 422 4467 sit,
458 4385 599 4474 gentnm
619 4396 651 4448 et
671 4384 779 4448 nativa
799 4385 938 4448 nominis
958 4385 1181 4468 pronunciatio
1204 4383 1283 4449 haec
1304 4383 1406 4449 inisse
1425 4397 1493 4448 ‘aon
1517 4385 1652 4450 videtur.

489 4512 636 4601 Namque
665 4513 704 4577 de
733 4524 841 4596 etymo
870 4513 1096 4598 quaerentibus
1124 4511 1237 4595 nohis,
1269 4511 1316 4578 nil
1339 4511 1542 4600 probabilius
1563 4535 1599 4578 se
1621 4514 1735 4594 offert,
1773 4535 1868 4600 qnam
1890 4513 1975 4598 quod

363 4630 476 4714 partim
503 4625 732 4714 praeeuntibus
759 4623 867 4708 Hydia
894 4637 927 4688 et
954 4622 1098 4690 Relando
1128 4623 1162 4690 ll.
1192 4648 1238 4690 cc.
1267 4629 1431 4712 proposuit
1464 4624 1700 4707 Akerlrladius,
1736 4628 1785 4690 vir
1813 4628 1975 4712 egregius,

369 4739 488 4807 Tooitlr
515 4742 719 4827 aegyptiacae
746 4739 880 4823 originis
901 4757 973 4802 esse
995 4737 1132 4802 utilem
1155 4738 1333 4826 essequod
1355 4737 1461 4804 Neam
1483 4737 1616 4825 (Nqi'tl)
1635 4741 1814 4825 praeposito
1837 4735 1974 4806 articulo

414 4995 442 5061 111)
459 4995 501 5049 Ita
512 4994 540 5048 iu
551 4995 653 5049 Vetere
665 4995 840 5047 Testamenta
854 4991 992 5086 niqrqrqp
1009 4988 1135 5058 oppidum
1203 4992 1322 5043 Bubastis
1334 5007 1350 5044 a
1363 4991 1413 5044 diis
1424 4990 1636 5064 cognominatae,
1645 4992 1713 5062 apud
1722 4991 1841 5044 Graecos
1850 4983 1973 5060 Ἀθῆναι

363 5099 482 5154 Peraeae
494 5099 575 5153 Dent.
595 5104 620 5164 1,
635 5095 662 5149 t.
687 5099 744 5150 Jos.
763 5097 805 5159 te,
830 5097 863 5146 12
881 5110 897 5146 a
917 5095 991 5147 cultu
1013 5092 1135 5146 Astarten
1203 5087 1310 5138 souitu
1336 5079 1472 5154 :4025qu
1509 5089 1579 5155 apud
1606 5103 1656 5140 uos
1673 5090 1821 5156 andegan,
1853 5093 1973 5156 mering

363 5195 463 5250 dictum
492 5211 541 5265 pro
565 5197 687 5264 pleniore
712 5207 845 5260 nmmo
866 5207 937 5267 ιφ),
967 5194 1018 5270 qap
1036 5205 1135 5244 nomeu
1203 5181 1338 5237 saxoniae
1370 5181 1482 5250 oppida,
1514 5183 1547 5236 ab
1571 5182 1825 5240 eiusdemnomiais
1850 5186 1929 5242 idolis
1956 5203 1972 5240 e

364 5297 455 5370 oppidi
480 5307 506 5352 et
517 5296 627 5352 monos
644 5313 660 5349 a
678 5297 749 5348 cultu
767 5293 811 5347 dei
828 5300 878 5374 ᾖ)
901 5292 919 5344 1.
941 5307 967 5345 e.
987 5274 1135 5356 Mercuriir
1202 5279 1341 5337 mariba!
1359 5277 1448 5336 Sltvlt
1466 5278 1505 5334 ibi
1522 5279 1616 5350 cultis,
1643 5282 1677 5336 el.

367 5403 437 5472 apud
466 5401 616 5473 Aegyptios
643 5396 724 5452 Amin
756 5397 775 5451 i.
801 5413 827 5451 e.
844 5379 984 5466 ·'l²hebae,
1010 5397 1135 5464 Mendes,
1221 5432 1234 5470 2
