<?xml version="1.0" encoding="UTF-8"?>
<!DOCTYPE html PUBLIC "-//W3C//DTD XHTML 1.0 Transitional//EN"
    "http://www.w3.org/TR/xhtml1/DTD/xhtml1-transitional.dtd">
<html xmlns="http://www.w3.org/1999/xhtml" xml:lang="en" lang="en">
 <head>
  <title>
</title>
<meta http-equiv="Content-Type" content="text/html;charset=utf-8" />
  <meta name='ocr-system' content='tesseract 3.04.00' />
  <meta name='ocr-capabilities' content='ocr_page ocr_carea ocr_par ocr_line ocrx_word'/>
</head>
<body>
  <div class='ocr_page' id='page_1' title='image "./scripturaelingu00gesegoog_0332.png"; bbox 0 0 4922 6300; ppageno 0'>
   <div class='ocr_carea' id='block_1_1' title="bbox 260 587 2057 728">
    <p class='ocr_par' dir='ltr' id='par_1_1' title="bbox 260 587 2057 728">
     <span class='ocr_line' id='line_1_1' title="bbox 260 587 2057 728; baseline 0.01 -14"><span class='ocrx_word' id='word_1_1' title='bbox 260 677 269 694; x_wconf 93' lang='lat'><strong>·</strong></span> <span class='ocrx_word' id='word_1_2' title='bbox 392 647 510 717; x_wconf 88' lang='lat' dir='ltr'><strong>NUMI</strong></span> <span class='ocrx_word' id='word_1_3' title='bbox 529 644 717 713; x_wconf 85' lang='lat' dir='ltr'>SICILIAE</span> <span class='ocrx_word' id='word_1_4' title='bbox 737 645 798 714; x_wconf 86' lang='grc' dir='ltr'><strong>ΕΤ</strong></span> <span class='ocrx_word' id='word_1_5' title='bbox 819 645 1136 715; x_wconf 84' lang='lat' dir='ltr'><strong>ADIACEN&#39;I&#39;IUM</strong></span> <span class='ocrx_word' id='word_1_6' title='bbox 1157 645 1434 714; x_wconf 84' lang='lat' dir='ltr'><strong>INSULABUM.</strong></span> <span class='ocrx_word' id='word_1_7' title='bbox 1477 645 1539 714; x_wconf 87' lang='lat' dir='ltr'><strong>XI.</strong></span> <span class='ocrx_word' id='word_1_8' title='bbox 1564 643 1834 717; x_wconf 83' lang='lat' dir='ltr'><strong>SYRACUSAE.</strong></span> <span class='ocrx_word' id='word_1_9' title='bbox 1896 653 1971 728; x_wconf 79' lang='lat'><strong>295</strong></span> <span class='ocrx_word' id='word_1_10' title='bbox 2054 587 2057 594; x_wconf 33' lang='grc' dir='ltr'>Ι</span> 
     </span>
    </p>
   </div>
   <div class='ocr_carea' id='block_1_2' title="bbox 314 815 2042 2616">
    <p class='ocr_par' dir='ltr' id='par_1_2' title="bbox 314 815 2042 2616">
     <span class='ocr_line' id='line_1_2' title="bbox 347 815 1971 924; baseline 0.001 -21"><span class='ocrx_word' id='word_1_11' title='bbox 347 835 603 924; x_wconf 82' lang='lat' dir='ltr'><strong>interpretandas</strong></span> <span class='ocrx_word' id='word_1_12' title='bbox 630 857 702 901; x_wconf 89' lang='lat' dir='ltr'><strong>ease</strong></span> <span class='ocrx_word' id='word_1_13' title='bbox 731 839 945 917; x_wconf 89' lang='lat' dir='ltr'><strong>coniecimns,</strong></span> <span class='ocrx_word' id='word_1_14' title='bbox 969 815 1062 923; x_wconf 35' lang='lat' dir='ltr'><strong>&#39;quae</strong></span> <span class='ocrx_word' id='word_1_15' title='bbox 1091 839 1251 902; x_wconf 89' lang='lat' dir='ltr'><strong>sententia</strong></span> <span class='ocrx_word' id='word_1_16' title='bbox 1277 857 1364 901; x_wconf 91' lang='lat' dir='ltr'><strong>nunc</strong></span> <span class='ocrx_word' id='word_1_17' title='bbox 1393 834 1541 923; x_wconf 88' lang='lat' dir='ltr'><strong>exemplo</strong></span> <span class='ocrx_word' id='word_1_18' title='bbox 1573 835 1673 902; x_wconf 93' lang='lat' dir='ltr'><strong>altero</strong></span> <span class='ocrx_word' id='word_1_19' title='bbox 1700 837 1902 904; x_wconf 89' lang='lat' dir='ltr'><strong>Loudinensi</strong></span> <span class='ocrx_word' id='word_1_20' title='bbox 1930 837 1971 916; x_wconf 90' lang='lat' dir='ltr'><strong>B,</strong></span> 
     </span>
     <span class='ocr_line' id='line_1_3' title="bbox 348 947 1971 1038; baseline 0 -22"><span class='ocrx_word' id='word_1_21' title='bbox 348 955 382 1016; x_wconf 92' lang='lat' dir='ltr'><strong>in</strong></span> <span class='ocrx_word' id='word_1_22' title='bbox 420 972 483 1038; x_wconf 93' lang='lat' dir='ltr'><strong>quo</strong></span> <span class='ocrx_word' id='word_1_23' title='bbox 516 949 722 1036; x_wconf 79' lang='lat' dir='ltr'>intercapedo</span> <span class='ocrx_word' id='word_1_24' title='bbox 757 964 806 1014; x_wconf 90' lang='lat' dir='ltr'><strong>est</strong></span> <span class='ocrx_word' id='word_1_25' title='bbox 842 953 927 1014; x_wconf 91' lang='lat' dir='ltr'><strong>inter</strong></span> <span class='ocrx_word' id='word_1_26' title='bbox 963 951 1089 1013; x_wconf 90' lang='lat' dir='ltr'><strong>tertiam</strong></span> <span class='ocrx_word' id='word_1_27' title='bbox 1126 964 1332 1036; x_wconf 90' lang='lat' dir='ltr'><strong>quartamque</strong></span> <span class='ocrx_word' id='word_1_28' title='bbox 1367 947 1525 1029; x_wconf 83' lang='lat' dir='ltr'><strong>litteram,</strong></span> <span class='ocrx_word' id='word_1_29' title='bbox 1572 954 1619 1014; x_wconf 92' lang='lat' dir='ltr'><strong>ita</strong></span> <span class='ocrx_word' id='word_1_30' title='bbox 1654 949 1883 1031; x_wconf 87' lang='lat' dir='ltr'><strong>confirmetur,</strong></span> <span class='ocrx_word' id='word_1_31' title='bbox 1935 965 1971 1017; x_wconf 90' lang='lat' dir='ltr'><strong>ut</strong></span> 
     </span>
     <span class='ocr_line' id='line_1_4' title="bbox 349 1060 1970 1149; baseline -0.001 -20"><span class='ocrx_word' id='word_1_32' title='bbox 349 1061 541 1129; x_wconf 79' lang='lat' dir='ltr'><strong>dubitationi</strong></span> <span class='ocrx_word' id='word_1_33' title='bbox 576 1067 633 1128; x_wconf 86' lang='lat' dir='ltr'><strong>vix</strong></span> <span class='ocrx_word' id='word_1_34' title='bbox 668 1060 760 1127; x_wconf 93' lang='lat' dir='ltr'><strong>locus</strong></span> <span class='ocrx_word' id='word_1_35' title='bbox 801 1060 1009 1149; x_wconf 82' lang='lat' dir='ltr'><strong>relinquatur.</strong></span> <span class='ocrx_word' id='word_1_36' title='bbox 1078 1061 1180 1126; x_wconf 90' lang='lat' dir='ltr'><strong>Porro</strong></span> <span class='ocrx_word' id='word_1_37' title='bbox 1218 1064 1283 1126; x_wconf 91' lang='lat' dir='ltr'><strong>iam</strong></span> <span class='ocrx_word' id='word_1_38' title='bbox 1319 1083 1504 1148; x_wconf 89' lang='lat' dir='ltr'><strong>quaereus,</strong></span> <span class='ocrx_word' id='word_1_39' title='bbox 1552 1085 1633 1149; x_wconf 89' lang='lat' dir='ltr'><strong>quae</strong></span> <span class='ocrx_word' id='word_1_40' title='bbox 1670 1063 1801 1127; x_wconf 82' lang='lat' dir='ltr'><strong>Siciliae</strong></span> <span class='ocrx_word' id='word_1_41' title='bbox 1839 1065 1916 1129; x_wconf 92' lang='lat' dir='ltr'><strong>urbs</strong></span> <span class='ocrx_word' id='word_1_42' title='bbox 1950 1087 1970 1128; x_wconf 89' lang='lat' dir='ltr'><strong>a</strong></span> 
     </span>
     <span class='ocr_line' id='line_1_5' title="bbox 348 1146 1970 1261; baseline 0.001 -21"><span class='ocrx_word' id='word_1_43' title='bbox 348 1175 531 1241; x_wconf 74' lang='lat' dir='ltr'><strong>Phoeniciis</strong></span> <span class='ocrx_word' id='word_1_44' title='bbox 567 1193 615 1245; x_wconf 80' lang='lat' dir='ltr'><strong>uu</strong></span> <span class='ocrx_word' id='word_1_45' title='bbox 646 1193 715 1246; x_wconf 75' lang='lat' dir='ltr'><strong>&#39;utta</strong></span> <span class='ocrx_word' id='word_1_46' title='bbox 741 1175 828 1255; x_wconf 82' lang='lat' dir='ltr'><strong>forts</strong></span> <span class='ocrx_word' id='word_1_47' title='bbox 857 1181 950 1260; x_wconf 80' lang='lat' dir='ltr'><strong>ss&#39;gas&#39;</strong></span> <span class='ocrx_word' id='word_1_48' title='bbox 983 1196 1009 1239; x_wconf 91' lang='lat' dir='ltr'><strong>s.</strong></span> <span class='ocrx_word' id='word_1_49' title='bbox 1039 1177 1194 1239; x_wconf 74' lang='lat' dir='ltr'><strong>miraculi</strong></span> <span class='ocrx_word' id='word_1_50' title='bbox 1224 1173 1385 1260; x_wconf 89' lang='lat' dir='ltr'><strong>appellata</strong></span> <span class='ocrx_word' id='word_1_51' title='bbox 1414 1178 1475 1254; x_wconf 88' lang='lat' dir='ltr'><strong>sit,</strong></span> <span class='ocrx_word' id='word_1_52' title='bbox 1509 1174 1586 1240; x_wconf 89' lang='lat' dir='ltr'><strong>olim</strong></span> <span class='ocrx_word' id='word_1_53' title='bbox 1620 1146 1675 1261; x_wconf 90' lang='lat' dir='ltr'><strong>(ll.</strong></span> <span class='ocrx_word' id='word_1_54' title='bbox 1708 1177 1789 1260; x_wconf 81' lang='lat' dir='ltr'><strong>ca).</strong></span> <span class='ocrx_word' id='word_1_55' title='bbox 1817 1175 1970 1242; x_wconf 79' lang='lat' dir='ltr'><strong>Thermas</strong></span> 
     </span>
     <span class='ocr_line' id='line_1_6' title="bbox 348 1285 1969 1376; baseline 0 -21"><span class='ocrx_word' id='word_1_56' title='bbox 348 1289 558 1355; x_wconf 78' lang='lat' dir='ltr'><strong>Htmrcases</strong></span> <span class='ocrx_word' id='word_1_57' title='bbox 601 1291 760 1376; x_wconf 84' lang='lat' dir='ltr'><strong>cogitavi,</strong></span> <span class='ocrx_word' id='word_1_58' title='bbox 803 1287 985 1374; x_wconf 87' lang='lat' dir='ltr'><strong>Poenorum</strong></span> <span class='ocrx_word' id='word_1_59' title='bbox 1028 1285 1188 1353; x_wconf 89' lang='lat' dir='ltr'><strong>coloniam</strong></span> <span class='ocrx_word' id='word_1_60' title='bbox 1233 1287 1351 1374; x_wconf 85' lang='lat' dir='ltr'><strong>(DIod.</strong></span> <span class='ocrx_word' id='word_1_61' title='bbox 1391 1293 1448 1365; x_wconf 83' lang='grc'><strong><em>13,</em></strong></span> <span class='ocrx_word' id='word_1_62' title='bbox 1484 1289 1566 1372; x_wconf 82' lang='grc'><strong><em>79),</em></strong></span> <span class='ocrx_word' id='word_1_63' title='bbox 1620 1311 1639 1352; x_wconf 93' lang='lat' dir='ltr'><strong>a</strong></span> <span class='ocrx_word' id='word_1_64' title='bbox 1675 1288 1819 1354; x_wconf 83' lang='lat' dir='ltr'><strong>sontibus</strong></span> <span class='ocrx_word' id='word_1_65' title='bbox 1856 1288 1969 1355; x_wconf 90' lang='lat' dir='ltr'><strong>calidis</strong></span> 
     </span>
     <span class='ocr_line' id='line_1_7' title="bbox 347 1397 1967 1489; baseline 0 -23"><span class='ocrx_word' id='word_1_66' title='bbox 347 1403 468 1481; x_wconf 85' lang='lat' dir='ltr'><strong>dictas,</strong></span> <span class='ocrx_word' id='word_1_67' title='bbox 506 1423 584 1489; x_wconf 88' lang='lat' dir='ltr'><strong>quaa</strong></span> <span class='ocrx_word' id='word_1_68' title='bbox 611 1401 762 1466; x_wconf 87' lang='lat' dir='ltr'><strong>Minerva</strong></span> <span class='ocrx_word' id='word_1_69' title='bbox 789 1398 840 1464; x_wconf 89' lang='lat' dir='ltr'><strong>vel</strong></span> <span class='ocrx_word' id='word_1_70' title='bbox 868 1398 1038 1485; x_wconf 77' lang='lat' dir='ltr'><strong>Nymphae</strong></span> <span class='ocrx_word' id='word_1_71' title='bbox 1066 1403 1099 1464; x_wconf 88' lang='lat' dir='ltr'><strong>iu</strong></span> <span class='ocrx_word' id='word_1_72' title='bbox 1133 1415 1226 1466; x_wconf 86' lang='lat' dir='ltr'><strong>usum</strong></span> <span class='ocrx_word' id='word_1_73' title='bbox 1254 1397 1405 1464; x_wconf 89' lang='lat' dir='ltr'><strong>Herculis</strong></span> <span class='ocrx_word' id='word_1_74' title='bbox 1433 1399 1480 1464; x_wconf 94' lang='lat' dir='ltr'><strong>ibi</strong></span> <span class='ocrx_word' id='word_1_75' title='bbox 1509 1403 1672 1484; x_wconf 85' lang='lat' dir='ltr'><strong>aperuisse</strong></span> <span class='ocrx_word' id='word_1_76' title='bbox 1701 1401 1886 1466; x_wconf 87' lang='lat' dir='ltr'><strong>ferebantur</strong></span> <span class='ocrx_word' id='word_1_77' title='bbox 1917 1404 1967 1486; x_wconf 85' lang='grc' dir='ltr'><strong>(ι.</strong></span> 
     </span>
     <span class='ocr_line' id='line_1_8' title="bbox 348 1511 1968 1601; baseline 0.001 -23"><span class='ocrx_word' id='word_1_78' title='bbox 348 1511 449 1580; x_wconf 81' lang='lat' dir='ltr'><strong>lloch.</strong></span> <span class='ocrx_word' id='word_1_79' title='bbox 478 1511 621 1579; x_wconf 88' lang='lat' dir='ltr'><strong>Canaau.</strong></span> <span class='ocrx_word' id='word_1_80' title='bbox 650 1511 711 1578; x_wconf 90' lang='lat' dir='ltr'><strong>ool.</strong></span> <span class='ocrx_word' id='word_1_81' title='bbox 735 1512 836 1601; x_wconf 80' lang='lat' dir='ltr'><strong>hlh):</strong></span> <span class='ocrx_word' id='word_1_82' title='bbox 871 1533 965 1600; x_wconf 85' lang='lat' dir='ltr'><strong>quam</strong></span> <span class='ocrx_word' id='word_1_83' title='bbox 994 1514 1122 1599; x_wconf 90' lang='lat' dir='ltr'><strong>quidem</strong></span> <span class='ocrx_word' id='word_1_84' title='bbox 1147 1515 1341 1577; x_wconf 88' lang='lat' dir='ltr'><strong>seutentiam</strong></span> <span class='ocrx_word' id='word_1_85' title='bbox 1368 1511 1445 1576; x_wconf 87' lang='lat' dir='ltr'><strong>licet</strong></span> <span class='ocrx_word' id='word_1_86' title='bbox 1472 1532 1536 1577; x_wconf 92' lang='lat' dir='ltr'><strong>uon</strong></span> <span class='ocrx_word' id='word_1_87' title='bbox 1557 1512 1718 1598; x_wconf 81' lang='lat' dir='ltr'><strong>improbet</strong></span> <span class='ocrx_word' id='word_1_88' title='bbox 1740 1511 1968 1579; x_wconf 87' lang='lat' dir='ltr'><strong>GroteIeudins</strong></span> 
     </span>
     <span class='ocr_line' id='line_1_9' title="bbox 347 1623 2042 1713; baseline 0 -23"><span class='ocrx_word' id='word_1_89' title='bbox 347 1625 490 1712; x_wconf 83' lang='lat' dir='ltr'><strong>(Bltttter</strong></span> <span class='ocrx_word' id='word_1_90' title='bbox 522 1625 575 1692; x_wconf 80' lang='lat' dir='ltr'><strong>fur</strong></span> <span class='ocrx_word' id='word_1_91' title='bbox 612 1625 876 1692; x_wconf 81' lang='lat' dir='ltr'><strong>Mlinsenlrunde.</strong></span> <span class='ocrx_word' id='word_1_92' title='bbox 920 1631 1003 1692; x_wconf 84' lang='grc'><strong>1836</strong></span> <span class='ocrx_word' id='word_1_93' title='bbox 1037 1648 1110 1713; x_wconf 90' lang='lat' dir='ltr'><strong>pag.</strong></span> <span class='ocrx_word' id='word_1_94' title='bbox 1144 1627 1245 1710; x_wconf 87' lang='grc'><strong><em>179),</em></strong></span> <span class='ocrx_word' id='word_1_95' title='bbox 1286 1639 1393 1690; x_wconf 90' lang='lat' dir='ltr'><strong>tamen</strong></span> <span class='ocrx_word' id='word_1_96' title='bbox 1432 1623 1530 1690; x_wconf 90' lang='lat' dir='ltr'><strong>aliam</strong></span> <span class='ocrx_word' id='word_1_97' title='bbox 1566 1628 1715 1712; x_wconf 85' lang='lat' dir='ltr'><strong>proponit</strong></span> <span class='ocrx_word' id='word_1_98' title='bbox 1751 1625 1813 1690; x_wconf 89' lang='lat' dir='ltr'><strong>sibi</strong></span> <span class='ocrx_word' id='word_1_99' title='bbox 1852 1625 1967 1711; x_wconf 86' lang='lat' dir='ltr'><strong>proba·</strong></span> <span class='ocrx_word' id='word_1_100' title='bbox 2037 1635 2042 1646; x_wconf 89' lang='lat'>&#39;</span> 
     </span>
     <span class='ocr_line' id='line_1_10' title="bbox 346 1736 1969 1825; baseline -0.001 -21"><span class='ocrx_word' id='word_1_101' title='bbox 346 1738 519 1819; x_wconf 86' lang='lat' dir='ltr'><strong>biliorem,</strong></span> <span class='ocrx_word' id='word_1_102' title='bbox 562 1737 757 1824; x_wconf 73' lang='lat' dir='ltr'><strong>Lilybaeum</strong></span> <span class='ocrx_word' id='word_1_103' title='bbox 791 1736 954 1824; x_wconf 90' lang='lat' dir='ltr'><strong>intelligi,</strong></span> <span class='ocrx_word' id='word_1_104' title='bbox 997 1741 1180 1824; x_wconf 88' lang='lat' dir='ltr'><strong>primariam</strong></span> <span class='ocrx_word' id='word_1_105' title='bbox 1217 1737 1421 1823; x_wconf 79' lang='lat' dir='ltr'><strong>Carthaginis</strong></span> <span class='ocrx_word' id='word_1_106' title='bbox 1457 1736 1597 1802; x_wconf 81' lang='lat' dir='ltr'><strong>Punicae</strong></span> <span class='ocrx_word' id='word_1_107' title='bbox 1634 1738 1770 1817; x_wconf 85' lang='lat' dir='ltr'><strong>urbem,</strong></span> <span class='ocrx_word' id='word_1_108' title='bbox 1816 1760 1897 1825; x_wconf 90' lang='lat' dir='ltr'><strong>quae</strong></span> <span class='ocrx_word' id='word_1_109' title='bbox 1935 1752 1969 1802; x_wconf 89' lang='lat' dir='ltr'><strong>et</strong></span> 
     </span>
     <span class='ocr_line' id='line_1_11' title="bbox 346 1847 1968 1947; baseline 0 -31"><span class='ocrx_word' id='word_1_110' title='bbox 346 1856 416 1937; x_wconf 88' lang='lat' dir='ltr'><strong>ipsa</strong></span> <span class='ocrx_word' id='word_1_111' title='bbox 444 1874 465 1916; x_wconf 93' lang='lat' dir='ltr'><strong>a</strong></span> <span class='ocrx_word' id='word_1_112' title='bbox 489 1860 593 1938; x_wconf 87' lang='lat' dir='ltr'><strong>puteo</strong></span> <span class='ocrx_word' id='word_1_113' title='bbox 621 1851 732 1947; x_wconf 55' lang='lat' dir='ltr'><strong>(sqq)</strong></span> <span class='ocrx_word' id='word_1_114' title='bbox 761 1873 878 1916; x_wconf 90' lang='lat' dir='ltr'><strong>nomen</strong></span> <span class='ocrx_word' id='word_1_115' title='bbox 908 1853 1068 1916; x_wconf 91' lang='lat' dir='ltr'><strong>invenerit</strong></span> <span class='ocrx_word' id='word_1_116' title='bbox 1105 1849 1221 1935; x_wconf 84' lang='lat' dir='ltr'><strong>(Diod.</strong></span> <span class='ocrx_word' id='word_1_117' title='bbox 1254 1857 1310 1930; x_wconf 86' lang='grc'><strong><em>13,</em></strong></span> <span class='ocrx_word' id='word_1_118' title='bbox 1337 1856 1394 1916; x_wconf 80' lang='lat'><strong>54:</strong></span> <span class='ocrx_word' id='word_1_119' title='bbox 1431 1847 1448 1916; x_wconf 85' lang='lat' dir='ltr'><strong>d</strong></span> <span class='ocrx_word' id='word_1_120' title='bbox 1481 1849 1515 1916; x_wconf 78' lang='grc' dir='ltr'><strong>δ’</strong></span> <span class='ocrx_word' id='word_1_121' title='bbox 1543 1849 1686 1931; x_wconf 77' lang='grc' dir='ltr'><strong>Ἀννίβας</strong></span> <span class='ocrx_word' id='word_1_122' title='bbox 1718 1850 1885 1933; x_wconf 73' lang='grc' dir='ltr'><strong>ἐκβιβάσας</strong></span> <span class='ocrx_word' id='word_1_123' title='bbox 1912 1851 1968 1936; x_wconf 76' lang='grc' dir='ltr'><strong>τήν</strong></span> 
     </span>
     <span class='ocr_line' id='line_1_12' title="bbox 346 1961 1968 2049; baseline 0 -21"><span class='ocrx_word' id='word_1_124' title='bbox 346 1964 492 2046; x_wconf 77' lang='grc' dir='ltr'><strong><em>δύναμιν,</em></strong></span> <span class='ocrx_word' id='word_1_125' title='bbox 524 1965 874 2046; x_wconf 75' lang='grc' dir='ltr'><strong><em>κατεστρατοπέδευσεν,</em></strong></span> <span class='ocrx_word' id='word_1_126' title='bbox 907 1961 1078 2049; x_wconf 79' lang='grc' dir='ltr'><strong><em>ἀρξάμενος</em></strong></span> <span class='ocrx_word' id='word_1_127' title='bbox 1106 1961 1166 2028; x_wconf 84' lang='grc' dir='ltr'><strong>ἀπὸ</strong></span> <span class='ocrx_word' id='word_1_128' title='bbox 1193 1970 1248 2028; x_wconf 81' lang='grc' dir='ltr'><strong>τοῦ</strong></span> <span class='ocrx_word' id='word_1_129' title='bbox 1278 1963 1470 2049; x_wconf 73' lang='grc' dir='ltr'><strong><em>φρέατος,</em></strong></span> <span class='ocrx_word' id='word_1_130' title='bbox 1508 1961 1525 2029; x_wconf 85' lang='grc'><strong>6</strong></span> <span class='ocrx_word' id='word_1_131' title='bbox 1554 1961 1624 2028; x_wconf 78' lang='grc' dir='ltr'><strong>κατ’</strong></span> <span class='ocrx_word' id='word_1_132' title='bbox 1650 1963 1781 2040; x_wconf 75' lang='grc' dir='ltr'><strong><em>ἐκείνους</em></strong></span> <span class='ocrx_word' id='word_1_133' title='bbox 1809 1963 1866 2046; x_wconf 76' lang='grc' dir='ltr'><strong>μὲν</strong></span> <span class='ocrx_word' id='word_1_134' title='bbox 1894 1965 1968 2040; x_wconf 68' lang='grc' dir='ltr'><strong>τούς</strong></span> 
     </span>
     <span class='ocr_line' id='line_1_13' title="bbox 346 2074 1966 2164; baseline 0 -22"><span class='ocrx_word' id='word_1_135' title='bbox 346 2079 472 2164; x_wconf 75' lang='grc' dir='ltr'><strong>καίριος</strong></span> <span class='ocrx_word' id='word_1_136' title='bbox 493 2075 665 2160; x_wconf 75' lang='grc' dir='ltr'><strong><em>ὠνομάζετο</em></strong></span> <span class='ocrx_word' id='word_1_137' title='bbox 687 2074 885 2157; x_wconf 78' lang='grc' dir='ltr'><strong>Λιλύβαιον,</strong></span> <span class='ocrx_word' id='word_1_138' title='bbox 905 2074 984 2158; x_wconf 81' lang='grc' dir='ltr'><strong><em>μετὰ</em></strong></span> <span class='ocrx_word' id='word_1_139' title='bbox 1006 2077 1041 2140; x_wconf 76' lang='grc' dir='ltr'><strong>δὲ</strong></span> <span class='ocrx_word' id='word_1_140' title='bbox 1063 2081 1161 2140; x_wconf 82' lang='grc' dir='ltr'><strong><em>ταῦτα</em></strong></span> <span class='ocrx_word' id='word_1_141' title='bbox 1183 2080 1310 2152; x_wconf 75' lang='grc' dir='ltr'><strong><em>πολλοῖς</em></strong></span> <span class='ocrx_word' id='word_1_142' title='bbox 1331 2075 1410 2142; x_wconf 69' lang='grc' dir='ltr'><strong><em>ἔτεσι</em></strong></span> <span class='ocrx_word' id='word_1_143' title='bbox 1430 2077 1510 2162; x_wconf 79' lang='grc' dir='ltr'><strong><em>πρὸς</em></strong></span> <span class='ocrx_word' id='word_1_144' title='bbox 1530 2075 1616 2164; x_wconf 78' lang='grc' dir='ltr'><strong><em>αὐτῷ</em></strong></span> <span class='ocrx_word' id='word_1_145' title='bbox 1636 2079 1817 2159; x_wconf 72' lang='grc' dir='ltr'><strong>κτισθείσης</strong></span> <span class='ocrx_word' id='word_1_146' title='bbox 1837 2074 1966 2155; x_wconf 82' lang='grc' dir='ltr'><strong><em>πόλεως,</em></strong></span> 
     </span>
     <span class='ocr_line' id='line_1_14' title="bbox 347 2187 1970 2276; baseline 0 -22"><span class='ocrx_word' id='word_1_147' title='bbox 347 2187 444 2256; x_wconf 70' lang='grc' dir='ltr'><strong><em>αἴτιον</em></strong></span> <span class='ocrx_word' id='word_1_148' title='bbox 465 2187 596 2274; x_wconf 65' lang='grc' dir='ltr'><strong><em>ἐγενήθη</em></strong></span> <span class='ocrx_word' id='word_1_149' title='bbox 617 2195 656 2275; x_wconf 82' lang='grc' dir='ltr'><strong>τῇ</strong></span> <span class='ocrx_word' id='word_1_150' title='bbox 677 2187 762 2254; x_wconf 80' lang='grc' dir='ltr'><strong><em>πόλει</em></strong></span> <span class='ocrx_word' id='word_1_151' title='bbox 785 2195 842 2273; x_wconf 80' lang='grc' dir='ltr'><strong>τῆς</strong></span> <span class='ocrx_word' id='word_1_152' title='bbox 861 2187 1075 2276; x_wconf 74' lang='grc' dir='ltr'><strong><em>ἐπωνυμίας),</em></strong></span> <span class='ocrx_word' id='word_1_153' title='bbox 1106 2202 1139 2252; x_wconf 84' lang='lat' dir='ltr'><strong>et</strong></span> <span class='ocrx_word' id='word_1_154' title='bbox 1160 2209 1180 2252; x_wconf 83' lang='lat' dir='ltr'><strong>a</strong></span> <span class='ocrx_word' id='word_1_155' title='bbox 1202 2187 1418 2256; x_wconf 70' lang='lat' dir='ltr'><strong>Phoenicibus</strong></span> <span class='ocrx_word' id='word_1_156' title='bbox 1439 2189 1577 2256; x_wconf 79' lang='lat' dir='ltr'><strong>rorasse</strong></span> <span class='ocrx_word' id='word_1_157' title='bbox 1594 2207 1642 2259; x_wconf 75' lang='lat' dir='ltr'><strong>nte</strong></span> <span class='ocrx_word' id='word_1_158' title='bbox 1660 2205 1729 2260; x_wconf 67' lang='lat' dir='ltr'><strong>&#39;&#39;tttn</strong></span> <span class='ocrx_word' id='word_1_159' title='bbox 1738 2199 1862 2274; x_wconf 82' lang='lat' dir='ltr'><strong>puteus</strong></span> <span class='ocrx_word' id='word_1_160' title='bbox 1877 2196 1970 2276; x_wconf 82' lang='lat' dir='ltr'><strong>st&#39;gat&#39;</strong></span> 
     </span>
     <span class='ocr_line' id='line_1_15' title="bbox 346 2298 1966 2390; baseline 0.002 -23"><span class='ocrx_word' id='word_1_161' title='bbox 346 2300 553 2390; x_wconf 88' lang='lat' dir='ltr'><strong>(militaris),</strong></span> <span class='ocrx_word' id='word_1_162' title='bbox 587 2323 652 2366; x_wconf 89' lang='lat' dir='ltr'><strong>non</strong></span> <span class='ocrx_word' id='word_1_163' title='bbox 676 2310 798 2388; x_wconf 85' lang='lat' dir='ltr'><strong>pateus</strong></span> <span class='ocrx_word' id='word_1_164' title='bbox 827 2303 981 2366; x_wconf 84' lang='lat' dir='ltr'><strong>ass&#39;raculs&#39;</strong></span> <span class='ocrx_word' id='word_1_165' title='bbox 1007 2303 1110 2366; x_wconf 91' lang='lat' dir='ltr'><strong>dictus</strong></span> <span class='ocrx_word' id='word_1_166' title='bbox 1139 2303 1192 2368; x_wconf 85' lang='lat' dir='ltr'><strong>sit.</strong></span> <span class='ocrx_word' id='word_1_167' title='bbox 1235 2298 1328 2378; x_wconf 81' lang='lat' dir='ltr'><strong>Quae</strong></span> <span class='ocrx_word' id='word_1_168' title='bbox 1356 2299 1557 2367; x_wconf 86' lang='lat' dir='ltr'><strong>GroteIeudii</strong></span> <span class='ocrx_word' id='word_1_169' title='bbox 1578 2306 1764 2368; x_wconf 89' lang='lat' dir='ltr'><strong>coniectura</strong></span> <span class='ocrx_word' id='word_1_170' title='bbox 1786 2323 1966 2388; x_wconf 85' lang='lat' dir='ltr'><strong>quanquam</strong></span> 
     </span>
     <span class='ocr_line' id='line_1_16' title="bbox 345 2413 1966 2502; baseline -0.001 -22"><span class='ocrx_word' id='word_1_171' title='bbox 345 2417 511 2502; x_wconf 90' lang='lat' dir='ltr'><strong>ingeniose</strong></span> <span class='ocrx_word' id='word_1_172' title='bbox 533 2417 804 2501; x_wconf 85' lang='lat' dir='ltr'><strong>excogitataest,</strong></span> <span class='ocrx_word' id='word_1_173' title='bbox 826 2419 933 2480; x_wconf 86' lang='lat' dir='ltr'><strong>turn&#39;en</strong></span> <span class='ocrx_word' id='word_1_174' title='bbox 955 2415 996 2480; x_wconf 91' lang='lat' dir='ltr'><strong>ad</strong></span> <span class='ocrx_word' id='word_1_175' title='bbox 1019 2413 1211 2497; x_wconf 86' lang='lat' dir='ltr'><strong>Lilybaeum</strong></span> <span class='ocrx_word' id='word_1_176' title='bbox 1232 2417 1394 2500; x_wconf 87' lang='lat' dir='ltr'><strong>pertinere</strong></span> <span class='ocrx_word' id='word_1_177' title='bbox 1417 2415 1477 2480; x_wconf 91' lang='lat' dir='ltr'><strong>hos</strong></span> <span class='ocrx_word' id='word_1_178' title='bbox 1497 2437 1627 2493; x_wconf 87' lang='lat' dir='ltr'><strong>numos,</strong></span> <span class='ocrx_word' id='word_1_179' title='bbox 1649 2437 1713 2479; x_wconf 94' lang='lat' dir='ltr'><strong>uon</strong></span> <span class='ocrx_word' id='word_1_180' title='bbox 1735 2413 1889 2480; x_wconf 89' lang='lat' dir='ltr'><strong>credibile</strong></span> <span class='ocrx_word' id='word_1_181' title='bbox 1906 2423 1966 2494; x_wconf 91' lang='lat' dir='ltr'><strong>est,</strong></span> 
     </span>
     <span class='ocr_line' id='line_1_17' title="bbox 314 2525 1967 2616; baseline -0.001 -24"><span class='ocrx_word' id='word_1_182' title='bbox 314 2531 317 2542; x_wconf 86' lang='lat'>&#39;</span> <span class='ocrx_word' id='word_1_183' title='bbox 346 2551 440 2616; x_wconf 93' lang='lat' dir='ltr'><strong>quum</strong></span> <span class='ocrx_word' id='word_1_184' title='bbox 462 2527 557 2594; x_wconf 90' lang='lat' dir='ltr'><strong>huius</strong></span> <span class='ocrx_word' id='word_1_185' title='bbox 579 2543 709 2592; x_wconf 90' lang='lat' dir='ltr'><strong>moneta</strong></span> <span class='ocrx_word' id='word_1_186' title='bbox 736 2528 895 2613; x_wconf 84' lang='lat' dir='ltr'><strong>imagines</strong></span> <span class='ocrx_word' id='word_1_187' title='bbox 923 2547 999 2612; x_wconf 87' lang='lat' dir='ltr'><strong>prae</strong></span> <span class='ocrx_word' id='word_1_188' title='bbox 1027 2548 1063 2591; x_wconf 89' lang='lat' dir='ltr'><strong>se</strong></span> <span class='ocrx_word' id='word_1_189' title='bbox 1091 2526 1173 2590; x_wconf 81' lang='lat' dir='ltr'><strong>ierat</strong></span> <span class='ocrx_word' id='word_1_190' title='bbox 1201 2549 1220 2591; x_wconf 92' lang='lat' dir='ltr'><strong>a</strong></span> <span class='ocrx_word' id='word_1_191' title='bbox 1248 2530 1352 2591; x_wconf 92' lang='lat' dir='ltr'><strong>nostri</strong></span> <span class='ocrx_word' id='word_1_192' title='bbox 1376 2530 1463 2591; x_wconf 90' lang='lat' dir='ltr'><strong>numi</strong></span> <span class='ocrx_word' id='word_1_193' title='bbox 1486 2528 1682 2614; x_wconf 90' lang='lat' dir='ltr'><strong>imaginibus</strong></span> <span class='ocrx_word' id='word_1_194' title='bbox 1704 2525 1799 2612; x_wconf 91' lang='lat' dir='ltr'><strong>plane</strong></span> <span class='ocrx_word' id='word_1_195' title='bbox 1822 2529 1967 2592; x_wconf 85' lang='lat' dir='ltr'><strong>diversas</strong></span> 
     </span>
    </p>
   </div>
   <div class='ocr_carea' id='block_1_3' title="bbox 294 2637 2145 2839">
    <p class='ocr_par' dir='ltr' id='par_1_3' title="bbox 294 2637 2145 2839">
     <span class='ocr_line' id='line_1_18' title="bbox 346 2637 2092 2728; baseline -0.002 -23"><span class='ocrx_word' id='word_1_196' title='bbox 346 2639 514 2724; x_wconf 90' lang='lat' dir='ltr'><strong>(Miounet</strong></span> <span class='ocrx_word' id='word_1_197' title='bbox 542 2637 584 2704; x_wconf 89' lang='grc' dir='ltr'><strong>Τ.</strong></span> <span class='ocrx_word' id='word_1_198' title='bbox 615 2638 630 2704; x_wconf 98' lang='lat' dir='ltr'><strong>l</strong></span> <span class='ocrx_word' id='word_1_199' title='bbox 659 2662 692 2725; x_wconf 93' lang='lat' dir='ltr'><strong>p.</strong></span> <span class='ocrx_word' id='word_1_200' title='bbox 722 2641 820 2728; x_wconf 79' lang='grc'><strong>249);</strong></span> <span class='ocrx_word' id='word_1_201' title='bbox 856 2661 958 2725; x_wconf 90' lang='lat' dir='ltr'><strong>neque</strong></span> <span class='ocrx_word' id='word_1_202' title='bbox 986 2641 1089 2724; x_wconf 85' lang='lat' dir='ltr'><strong>magis</strong></span> <span class='ocrx_word' id='word_1_203' title='bbox 1120 2640 1255 2724; x_wconf 85' lang='lat' dir='ltr'><strong>eandem</strong></span> <span class='ocrx_word' id='word_1_204' title='bbox 1289 2639 1331 2703; x_wconf 93' lang='lat' dir='ltr'><strong>ob</strong></span> <span class='ocrx_word' id='word_1_205' title='bbox 1361 2661 1508 2704; x_wconf 87' lang='lat' dir='ltr'><strong>caussam</strong></span> <span class='ocrx_word' id='word_1_206' title='bbox 1536 2640 1615 2704; x_wconf 84' lang='lat' dir='ltr'><strong>ferri</strong></span> <span class='ocrx_word' id='word_1_207' title='bbox 1643 2653 1776 2726; x_wconf 86' lang='lat' dir='ltr'><strong>possent</strong></span> <span class='ocrx_word' id='word_1_208' title='bbox 1810 2637 1966 2703; x_wconf 74' lang='lat' dir='ltr'><strong>Thressae</strong></span> <span class='ocrx_word' id='word_1_209' title='bbox 2089 2717 2092 2724; x_wconf 14' lang='grc' dir='ltr'><strong>ἢ</strong></span> 
     </span>
     <span class='ocr_line' id='line_1_19' title="bbox 294 2747 2145 2839; baseline -0.003 -20"><span class='ocrx_word' id='word_1_210' title='bbox 294 2813 308 2830; x_wconf 72' lang='grc'><strong><em>,</em></strong></span> <span class='ocrx_word' id='word_1_211' title='bbox 345 2753 555 2820; x_wconf 81' lang='lat' dir='ltr'><strong>Histereases</strong></span> <span class='ocrx_word' id='word_1_212' title='bbox 582 2747 749 2836; x_wconf 86' lang='lat' dir='ltr'><strong>(Mionuet</strong></span> <span class='ocrx_word' id='word_1_213' title='bbox 772 2751 850 2816; x_wconf 91' lang='lat' dir='ltr'><strong>ibid.</strong></span> <span class='ocrx_word' id='word_1_214' title='bbox 868 2775 897 2838; x_wconf 92' lang='lat' dir='ltr'><strong>p.</strong></span> <span class='ocrx_word' id='word_1_215' title='bbox 913 2750 1099 2837; x_wconf 80' lang='lat' dir='ltr'><strong>239sqq.):</strong></span> <span class='ocrx_word' id='word_1_216' title='bbox 1128 2766 1241 2816; x_wconf 90' lang='lat' dir='ltr'><strong>contra</strong></span> <span class='ocrx_word' id='word_1_217' title='bbox 1265 2766 1297 2816; x_wconf 92' lang='lat' dir='ltr'><strong>et</strong></span> <span class='ocrx_word' id='word_1_218' title='bbox 1322 2751 1471 2832; x_wconf 80' lang='lat' dir='ltr'><strong>Cereris,</strong></span> <span class='ocrx_word' id='word_1_219' title='bbox 1500 2773 1581 2839; x_wconf 91' lang='lat' dir='ltr'><strong>quae</strong></span> <span class='ocrx_word' id='word_1_220' title='bbox 1598 2751 1766 2836; x_wconf 86' lang='lat' dir='ltr'><strong>Syracusis</strong></span> <span class='ocrx_word' id='word_1_221' title='bbox 1786 2753 1964 2838; x_wconf 89' lang='lat' dir='ltr'><strong>impensius</strong></span> <span class='ocrx_word' id='word_1_222' title='bbox 2083 2816 2087 2833; x_wconf 49' lang='grc'><strong><em>,</em></strong></span> <span class='ocrx_word' id='word_1_223' title='bbox 2142 2819 2145 2828; x_wconf 58' lang='grc'><strong><em>,</em></strong></span> 
     </span>
    </p>
   </div>
   <div class='ocr_carea' id='block_1_4' title="bbox 320 2861 1964 5320">
    <p class='ocr_par' dir='ltr' id='par_1_4' title="bbox 320 2861 1964 5320">
     <span class='ocr_line' id='line_1_20' title="bbox 344 2861 1964 2950; baseline -0.004 -18"><span class='ocrx_word' id='word_1_224' title='bbox 344 2865 526 2945; x_wconf 88' lang='lat' dir='ltr'><strong>colebatur,</strong></span> <span class='ocrx_word' id='word_1_225' title='bbox 559 2877 592 2928; x_wconf 90' lang='lat' dir='ltr'><strong>et</strong></span> <span class='ocrx_word' id='word_1_226' title='bbox 614 2865 744 2949; x_wconf 78' lang='lat' dir='ltr'><strong>Pegasi</strong></span> <span class='ocrx_word' id='word_1_227' title='bbox 762 2867 869 2950; x_wconf 80' lang='lat' dir='ltr'><strong>imago</strong></span> <span class='ocrx_word' id='word_1_228' title='bbox 891 2863 1150 2950; x_wconf 83' lang='lat' dir='ltr'><strong>frequentissima</strong></span> <span class='ocrx_word' id='word_1_229' title='bbox 1170 2878 1220 2928; x_wconf 89' lang='lat' dir='ltr'><strong>cst</strong></span> <span class='ocrx_word' id='word_1_230' title='bbox 1241 2867 1275 2928; x_wconf 94' lang='lat' dir='ltr'><strong>in</strong></span> <span class='ocrx_word' id='word_1_231' title='bbox 1298 2862 1534 2948; x_wconf 68' lang='lat' dir='ltr'><strong>Syracusarum</strong></span> <span class='ocrx_word' id='word_1_232' title='bbox 1556 2879 1685 2932; x_wconf 89' lang='lat' dir='ltr'><strong>moneta</strong></span> <span class='ocrx_word' id='word_1_233' title='bbox 1706 2864 1758 2950; x_wconf 88' lang='lat' dir='ltr'><strong>(v.</strong></span> <span class='ocrx_word' id='word_1_234' title='bbox 1775 2861 1900 2928; x_wconf 88' lang='lat' dir='ltr'><strong>Eckhel</strong></span> <span class='ocrx_word' id='word_1_235' title='bbox 1921 2862 1964 2928; x_wconf 89' lang='lat' dir='ltr'><strong>D.</strong></span> 
     </span>
     <span class='ocr_line' id='line_1_21' title="bbox 345 2973 1961 3066; baseline -0.002 -23"><span class='ocrx_word' id='word_1_236' title='bbox 345 2977 386 3046; x_wconf 88' lang='lat' dir='ltr'><strong>N.</strong></span> <span class='ocrx_word' id='word_1_237' title='bbox 407 2977 441 3058; x_wconf 92' lang='lat' dir='ltr'><strong>I,</strong></span> <span class='ocrx_word' id='word_1_238' title='bbox 464 3001 536 3066; x_wconf 92' lang='lat' dir='ltr'><strong>pag.</strong></span> <span class='ocrx_word' id='word_1_239' title='bbox 557 2982 630 3042; x_wconf 82' lang='lat'><strong>243.</strong></span> <span class='ocrx_word' id='word_1_240' title='bbox 652 2983 724 3041; x_wconf 87' lang='grc'><strong>244.</strong></span> <span class='ocrx_word' id='word_1_241' title='bbox 746 2982 819 3042; x_wconf 85' lang='grc'><strong>246.</strong></span> <span class='ocrx_word' id='word_1_242' title='bbox 853 2975 1002 3042; x_wconf 83' lang='lat' dir='ltr'><strong>MIonuet</strong></span> <span class='ocrx_word' id='word_1_243' title='bbox 1022 2973 1062 3040; x_wconf 84' lang='grc' dir='ltr'><strong>Τ.</strong></span> <span class='ocrx_word' id='word_1_244' title='bbox 1085 2974 1102 3040; x_wconf 92' lang='grc' dir='ltr'>Ι</span> <span class='ocrx_word' id='word_1_245' title='bbox 1129 2997 1161 3062; x_wconf 90' lang='lat' dir='ltr'><strong>p.</strong></span> <span class='ocrx_word' id='word_1_246' title='bbox 1185 2983 1246 3042; x_wconf 82' lang='lat'><strong>290</strong></span> <span class='ocrx_word' id='word_1_247' title='bbox 1268 2999 1336 3063; x_wconf 92' lang='lat' dir='ltr'><strong>sqq.</strong></span> <span class='ocrx_word' id='word_1_248' title='bbox 1364 2981 1427 3042; x_wconf 83' lang='grc'><strong>316</strong></span> <span class='ocrx_word' id='word_1_249' title='bbox 1449 2978 1547 3065; x_wconf 83' lang='lat' dir='ltr'><strong>sqq).</strong></span> <span class='ocrx_word' id='word_1_250' title='bbox 1598 2977 1636 3042; x_wconf 91' lang='lat' dir='ltr'><strong>ln</strong></span> <span class='ocrx_word' id='word_1_251' title='bbox 1664 2977 1726 3041; x_wconf 91' lang='lat' dir='ltr'><strong>hac</strong></span> <span class='ocrx_word' id='word_1_252' title='bbox 1754 2979 1852 3064; x_wconf 89' lang='lat' dir='ltr'><strong>igitur</strong></span> <span class='ocrx_word' id='word_1_253' title='bbox 1880 2975 1961 3042; x_wconf 90' lang='lat' dir='ltr'><strong>urbe</strong></span> 
     </span>
     <span class='ocr_line' id='line_1_22' title="bbox 335 3087 1961 3175; baseline -0.001 -19"><span class='ocrx_word' id='word_1_254' title='bbox 335 3092 468 3172; x_wconf 83' lang='lat' dir='ltr'><strong>scateat</strong></span> <span class='ocrx_word' id='word_1_255' title='bbox 502 3091 657 3156; x_wconf 75' lang='lat' dir='ltr'><strong>miraculi</strong></span> <span class='ocrx_word' id='word_1_256' title='bbox 690 3111 843 3175; x_wconf 90' lang='lat' dir='ltr'><strong>quaerere</strong></span> <span class='ocrx_word' id='word_1_257' title='bbox 878 3092 985 3169; x_wconf 90' lang='lat' dir='ltr'><strong>inssi,</strong></span> <span class='ocrx_word' id='word_1_258' title='bbox 1035 3087 1121 3154; x_wconf 91' lang='lat' dir='ltr'><strong>haud</strong></span> <span class='ocrx_word' id='word_1_259' title='bbox 1158 3091 1204 3154; x_wconf 90' lang='lat' dir='ltr'><strong>ita</strong></span> <span class='ocrx_word' id='word_1_260' title='bbox 1239 3091 1293 3156; x_wconf 91' lang='lat' dir='ltr'><strong>diu</strong></span> <span class='ocrx_word' id='word_1_261' title='bbox 1329 3089 1561 3158; x_wconf 87' lang='lat' dir='ltr'><strong>haesitabimus</strong></span> <span class='ocrx_word' id='word_1_262' title='bbox 1596 3090 1827 3175; x_wconf 81' lang='lat' dir='ltr'><strong>Syracusarum</strong></span> <span class='ocrx_word' id='word_1_263' title='bbox 1866 3092 1961 3154; x_wconf 89' lang='lat' dir='ltr'><strong>situm</strong></span> 
     </span>
     <span class='ocr_line' id='line_1_23' title="bbox 342 3201 1963 3291; baseline -0.002 -21"><span class='ocrx_word' id='word_1_264' title='bbox 342 3204 468 3291; x_wconf 90' lang='lat' dir='ltr'><strong>locique</strong></span> <span class='ocrx_word' id='word_1_265' title='bbox 490 3217 636 3270; x_wconf 86' lang='lat' dir='ltr'><strong>naturam</strong></span> <span class='ocrx_word' id='word_1_266' title='bbox 658 3218 854 3290; x_wconf 85' lang='lat' dir='ltr'><strong>reputantes.</strong></span> <span class='ocrx_word' id='word_1_267' title='bbox 896 3203 1024 3266; x_wconf 86' lang='lat' dir='ltr'><strong>Etenim</strong></span> <span class='ocrx_word' id='word_1_268' title='bbox 1052 3203 1087 3266; x_wconf 93' lang='lat' dir='ltr'><strong>in</strong></span> <span class='ocrx_word' id='word_1_269' title='bbox 1116 3201 1348 3285; x_wconf 82' lang='lat' dir='ltr'><strong>Syracusarum</strong></span> <span class='ocrx_word' id='word_1_270' title='bbox 1369 3203 1494 3268; x_wconf 73' lang='lat' dir='ltr'><strong>&#39;Insula</strong></span> <span class='ocrx_word' id='word_1_271' title='bbox 1523 3225 1549 3268; x_wconf 91' lang='lat' dir='ltr'><strong>s.</strong></span> <span class='ocrx_word' id='word_1_272' title='bbox 1578 3203 1671 3268; x_wconf 89' lang='lat' dir='ltr'><strong>Naso</strong></span> <span class='ocrx_word' id='word_1_273' title='bbox 1702 3205 1725 3268; x_wconf 88' lang='lat' dir='ltr'><strong>i.</strong></span> <span class='ocrx_word' id='word_1_274' title='bbox 1747 3223 1775 3264; x_wconf 92' lang='lat' dir='ltr'><strong>e.</strong></span> <span class='ocrx_word' id='word_1_275' title='bbox 1806 3204 1963 3287; x_wconf 86' lang='lat' dir='ltr'><strong>antiquis·</strong></span> 
     </span>
     <span class='ocr_line' id='line_1_24' title="bbox 343 3293 1964 3404; baseline -0.002 -22"><span class='ocrx_word' id='word_1_276' title='bbox 343 3320 424 3383; x_wconf 90' lang='lat' dir='ltr'><strong>sima</strong></span> <span class='ocrx_word' id='word_1_277' title='bbox 445 3318 535 3382; x_wconf 88' lang='lat' dir='ltr'><strong>urhis</strong></span> <span class='ocrx_word' id='word_1_278' title='bbox 557 3331 646 3404; x_wconf 90' lang='lat' dir='ltr'><strong>parte</strong></span> <span class='ocrx_word' id='word_1_279' title='bbox 668 3315 886 3382; x_wconf 83' lang='lat' dir='ltr'><strong>nohiIIssimus</strong></span> <span class='ocrx_word' id='word_1_280' title='bbox 903 3293 1067 3393; x_wconf 74' lang='lat' dir='ltr'><strong>eratsaas</strong></span> <span class='ocrx_word' id='word_1_281' title='bbox 1082 3315 1289 3393; x_wconf 75' lang='lat' dir='ltr'><strong>Arethusae,</strong></span> <span class='ocrx_word' id='word_1_282' title='bbox 1317 3315 1499 3381; x_wconf 87' lang='lat' dir='ltr'><strong>iucredIbili</strong></span> <span class='ocrx_word' id='word_1_283' title='bbox 1523 3317 1743 3404; x_wconf 87' lang='lat' dir='ltr'><strong>magnitudine</strong></span> <span class='ocrx_word' id='word_1_284' title='bbox 1765 3319 1964 3404; x_wconf 77' lang='lat' dir='ltr'><strong>pisciumque</strong></span> 
     </span>
     <span class='ocr_line' id='line_1_25' title="bbox 343 3425 1963 3517; baseline -0.004 -20"><span class='ocrx_word' id='word_1_285' title='bbox 343 3429 543 3498; x_wconf 86' lang='lat' dir='ltr'><strong>multitudine</strong></span> <span class='ocrx_word' id='word_1_286' title='bbox 572 3433 729 3517; x_wconf 86' lang='lat' dir='ltr'><strong>insignis,</strong></span> <span class='ocrx_word' id='word_1_287' title='bbox 768 3449 862 3516; x_wconf 89' lang='lat' dir='ltr'><strong>quern</strong></span> <span class='ocrx_word' id='word_1_288' title='bbox 885 3425 1021 3512; x_wconf 82' lang='lat' dir='ltr'><strong>Alphei,</strong></span> <span class='ocrx_word' id='word_1_289' title='bbox 1050 3425 1266 3512; x_wconf 75' lang='lat' dir='ltr'><strong>Peloponnesi</strong></span> <span class='ocrx_word' id='word_1_290' title='bbox 1287 3425 1442 3506; x_wconf 88' lang='lat' dir='ltr'><strong>fluvium,</strong></span> <span class='ocrx_word' id='word_1_291' title='bbox 1473 3450 1565 3508; x_wconf 89' lang='lat' dir='ltr'><strong>esse,</strong></span> <span class='ocrx_word' id='word_1_292' title='bbox 1596 3432 1650 3516; x_wconf 92' lang='lat' dir='ltr'><strong>qui</strong></span> <span class='ocrx_word' id='word_1_293' title='bbox 1679 3451 1736 3515; x_wconf 91' lang='lat' dir='ltr'><strong>per</strong></span> <span class='ocrx_word' id='word_1_294' title='bbox 1766 3433 1832 3494; x_wconf 84' lang='lat' dir='ltr'><strong>ima</strong></span> <span class='ocrx_word' id='word_1_295' title='bbox 1861 3431 1963 3494; x_wconf 89' lang='lat' dir='ltr'><strong>maria</strong></span> 
     </span>
     <span class='ocr_line' id='line_1_26' title="bbox 342 3537 1963 3628; baseline -0.002 -19"><span class='ocrx_word' id='word_1_296' title='bbox 342 3547 375 3609; x_wconf 91' lang='lat' dir='ltr'><strong>iu</strong></span> <span class='ocrx_word' id='word_1_297' title='bbox 398 3565 467 3607; x_wconf 89' lang='lat' dir='ltr'><strong>eam</strong></span> <span class='ocrx_word' id='word_1_298' title='bbox 490 3540 629 3608; x_wconf 85' lang='lat' dir='ltr'><strong>insulem</strong></span> <span class='ocrx_word' id='word_1_299' title='bbox 652 3544 880 3628; x_wconf 81' lang='lat' dir='ltr'><strong>permanserit,</strong></span> <span class='ocrx_word' id='word_1_300' title='bbox 909 3537 1051 3626; x_wconf 81' lang='lat' dir='ltr'><strong>vulgarIs</strong></span> <span class='ocrx_word' id='word_1_301' title='bbox 1073 3554 1143 3604; x_wconf 90' lang='lat' dir='ltr'><strong>erat</strong></span> <span class='ocrx_word' id='word_1_302' title='bbox 1166 3541 1275 3624; x_wconf 92' lang='lat' dir='ltr'><strong>opinio</strong></span> <span class='ocrx_word' id='word_1_303' title='bbox 1297 3539 1436 3624; x_wconf 91' lang='lat' dir='ltr'><strong>(Strabo</strong></span> <span class='ocrx_word' id='word_1_304' title='bbox 1460 3539 1508 3604; x_wconf 94' lang='lat' dir='ltr'><strong>v1</strong></span> <span class='ocrx_word' id='word_1_305' title='bbox 1527 3561 1557 3624; x_wconf 73' lang='lat' dir='ltr'><strong>p.</strong></span> <span class='ocrx_word' id='word_1_306' title='bbox 1580 3544 1650 3606; x_wconf 84' lang='grc'><strong>187.</strong></span> <span class='ocrx_word' id='word_1_307' title='bbox 1682 3542 1824 3606; x_wconf 87' lang='lat' dir='ltr'><strong>Senecae</strong></span> <span class='ocrx_word' id='word_1_308' title='bbox 1840 3555 1963 3628; x_wconf 89' lang='lat' dir='ltr'><strong>quaest.</strong></span> 
     </span>
     <span class='ocr_line' id='line_1_27' title="bbox 344 3649 1963 3740; baseline -0.004 -18"><span class='ocrx_word' id='word_1_309' title='bbox 344 3671 447 3722; x_wconf 89' lang='lat' dir='ltr'><strong>netur.</strong></span> <span class='ocrx_word' id='word_1_310' title='bbox 471 3662 502 3734; x_wconf 87' lang='grc'><strong>3,</strong></span> <span class='ocrx_word' id='word_1_311' title='bbox 525 3661 577 3720; x_wconf 93' lang='grc'><strong>26.</strong></span> <span class='ocrx_word' id='word_1_312' title='bbox 608 3653 690 3720; x_wconf 83' lang='lat' dir='ltr'><strong>PIIn.</strong></span> <span class='ocrx_word' id='word_1_313' title='bbox 713 3661 766 3734; x_wconf 84' lang='lat'><strong>31,</strong></span> <span class='ocrx_word' id='word_1_314' title='bbox 790 3654 851 3740; x_wconf 86' lang='grc'><strong>6),</strong></span> <span class='ocrx_word' id='word_1_315' title='bbox 878 3675 898 3716; x_wconf 93' lang='lat' dir='ltr'><strong>a</strong></span> <span class='ocrx_word' id='word_1_316' title='bbox 919 3651 1030 3738; x_wconf 91' lang='lat' dir='ltr'><strong>plebe,</strong></span> <span class='ocrx_word' id='word_1_317' title='bbox 1068 3657 1123 3740; x_wconf 91' lang='lat' dir='ltr'><strong>qui</strong></span> <span class='ocrx_word' id='word_1_318' title='bbox 1149 3655 1231 3716; x_wconf 90' lang='lat' dir='ltr'><strong>mira</strong></span> <span class='ocrx_word' id='word_1_319' title='bbox 1259 3673 1403 3737; x_wconf 89' lang='lat' dir='ltr'><strong>quaeque</strong></span> <span class='ocrx_word' id='word_1_320' title='bbox 1437 3649 1686 3736; x_wconf 81' lang='lat' dir='ltr'><strong>(velutifiatans</strong></span> <span class='ocrx_word' id='word_1_321' title='bbox 1717 3675 1790 3717; x_wconf 90' lang='lat' dir='ltr'><strong>eum</strong></span> <span class='ocrx_word' id='word_1_322' title='bbox 1813 3655 1963 3717; x_wconf 81' lang='lat' dir='ltr'><strong>redolere</strong></span> 
     </span>
     <span class='ocr_line' id='line_1_28' title="bbox 338 3760 1962 3856; baseline -0.005 -20"><span class='ocrx_word' id='word_1_323' title='bbox 338 3791 402 3856; x_wconf 81' lang='lat' dir='ltr'><strong>per</strong></span> <span class='ocrx_word' id='word_1_324' title='bbox 427 3769 593 3853; x_wconf 72' lang='lat' dir='ltr'><strong>Olympia)</strong></span> <span class='ocrx_word' id='word_1_325' title='bbox 617 3768 657 3831; x_wconf 89' lang='lat' dir='ltr'><strong>de</strong></span> <span class='ocrx_word' id='word_1_326' title='bbox 681 3765 885 3844; x_wconf 88' lang='lat' dir='ltr'><strong>ecferebat,</strong></span> <span class='ocrx_word' id='word_1_327' title='bbox 915 3779 1046 3850; x_wconf 91' lang='lat' dir='ltr'><strong>atqnea</strong></span> <span class='ocrx_word' id='word_1_328' title='bbox 1067 3767 1170 3850; x_wconf 73' lang='lat' dir='ltr'><strong>potitIs</strong></span> <span class='ocrx_word' id='word_1_329' title='bbox 1193 3767 1281 3828; x_wconf 84' lang='lat' dir='ltr'><strong>varie</strong></span> <span class='ocrx_word' id='word_1_330' title='bbox 1303 3760 1458 3828; x_wconf 80' lang='lat' dir='ltr'><strong>exornata</strong></span> <span class='ocrx_word' id='word_1_331' title='bbox 1481 3763 1582 3848; x_wconf 92' lang='lat' dir='ltr'><strong>(Aen.</strong></span> <span class='ocrx_word' id='word_1_332' title='bbox 1603 3763 1667 3843; x_wconf 82' lang='lat' dir='ltr'><strong>Ill,</strong></span> <span class='ocrx_word' id='word_1_333' title='bbox 1690 3769 1762 3829; x_wconf 82' lang='lat'><strong>692.</strong></span> <span class='ocrx_word' id='word_1_334' title='bbox 1786 3763 1917 3829; x_wconf 89' lang='lat' dir='ltr'><strong>Metam.</strong></span> <span class='ocrx_word' id='word_1_335' title='bbox 1929 3768 1962 3844; x_wconf 81' lang='grc'><strong>6,</strong></span> 
     </span>
     <span class='ocr_line' id='line_1_29' title="bbox 343 3870 1962 3968; baseline -0.005 -20"><span class='ocrx_word' id='word_1_336' title='bbox 343 3887 404 3948; x_wconf 79' lang='lat' dir='ltr'><strong>sta</strong></span> <span class='ocrx_word' id='word_1_337' title='bbox 419 3883 522 3968; x_wconf 84' lang='lat' dir='ltr'><strong>sqq.):</strong></span> <span class='ocrx_word' id='word_1_338' title='bbox 546 3895 580 3944; x_wconf 94' lang='lat' dir='ltr'><strong>ut</strong></span> <span class='ocrx_word' id='word_1_339' title='bbox 595 3901 719 3944; x_wconf 91' lang='lat' dir='ltr'><strong>summo</strong></span> <span class='ocrx_word' id='word_1_340' title='bbox 736 3883 834 3965; x_wconf 88' lang='lat' dir='ltr'><strong>igitur</strong></span> <span class='ocrx_word' id='word_1_341' title='bbox 847 3877 1011 3956; x_wconf 85' lang='lat' dir='ltr'><strong>iuresoas</strong></span> <span class='ocrx_word' id='word_1_342' title='bbox 1024 3879 1179 3942; x_wconf 75' lang='lat' dir='ltr'><strong>miraculi</strong></span> <span class='ocrx_word' id='word_1_343' title='bbox 1194 3879 1301 3941; x_wconf 86' lang='lat' dir='ltr'><strong>vocari</strong></span> <span class='ocrx_word' id='word_1_344' title='bbox 1313 3891 1431 3962; x_wconf 89' lang='lat' dir='ltr'><strong>posset.</strong></span> <span class='ocrx_word' id='word_1_345' title='bbox 1461 3875 1495 3940; x_wconf 89' lang='lat' dir='ltr'><strong>Si</strong></span> <span class='ocrx_word' id='word_1_346' title='bbox 1513 3879 1583 3962; x_wconf 91' lang='lat' dir='ltr'><strong>quis</strong></span> <span class='ocrx_word' id='word_1_347' title='bbox 1599 3877 1680 3942; x_wconf 88' lang='lat' dir='ltr'><strong>Iorte</strong></span> <span class='ocrx_word' id='word_1_348' title='bbox 1695 3880 1840 3955; x_wconf 90' lang='lat' dir='ltr'><strong>miretur,</strong></span> <span class='ocrx_word' id='word_1_349' title='bbox 1862 3870 1962 3941; x_wconf 79' lang='lat' dir='ltr'><strong>tontis</strong></span> 
     </span>
     <span class='ocr_line' id='line_1_30' title="bbox 320 3987 1963 4087; baseline -0.004 -27"><span class='ocrx_word' id='word_1_350' title='bbox 320 3997 525 4073; x_wconf 79' lang='lat' dir='ltr'><strong>cniusdam,</strong></span> <span class='ocrx_word' id='word_1_351' title='bbox 559 3996 620 4087; x_wconf 79' lang='lat' dir='ltr'><strong>etsi</strong></span> <span class='ocrx_word' id='word_1_352' title='bbox 644 3989 839 4056; x_wconf 78' lang='lat' dir='ltr'><strong>nobilissimi</strong></span> <span class='ocrx_word' id='word_1_353' title='bbox 861 3994 1056 4054; x_wconf 86' lang='lat' dir='ltr'><strong>mentionem</strong></span> <span class='ocrx_word' id='word_1_354' title='bbox 1077 3987 1149 4053; x_wconf 90' lang='lat' dir='ltr'><strong>fieri</strong></span> <span class='ocrx_word' id='word_1_355' title='bbox 1170 3993 1204 4054; x_wconf 92' lang='lat' dir='ltr'><strong>iu</strong></span> <span class='ocrx_word' id='word_1_356' title='bbox 1227 4011 1342 4067; x_wconf 85' lang='grc' dir='ltr'><strong>ιιιιιιιο,</strong></span> <span class='ocrx_word' id='word_1_357' title='bbox 1364 4011 1437 4053; x_wconf 90' lang='lat' dir='ltr'><strong>eum</strong></span> <span class='ocrx_word' id='word_1_358' title='bbox 1454 4011 1626 4054; x_wconf 88' lang='lat' dir='ltr'><strong>memorem</strong></span> <span class='ocrx_word' id='word_1_359' title='bbox 1644 4011 1715 4054; x_wconf 86' lang='lat' dir='ltr'><strong>esse</strong></span> <span class='ocrx_word' id='word_1_360' title='bbox 1733 3989 1841 4072; x_wconf 85' lang='lat' dir='ltr'><strong>iubeo,</strong></span> <span class='ocrx_word' id='word_1_361' title='bbox 1865 3992 1963 4053; x_wconf 90' lang='lat' dir='ltr'><strong>etiam</strong></span> 
     </span>
     <span class='ocr_line' id='line_1_31' title="bbox 342 4100 1962 4194; baseline -0.004 -22"><span class='ocrx_word' id='word_1_362' title='bbox 342 4111 373 4172; x_wconf 94' lang='lat' dir='ltr'><strong>iu</strong></span> <span class='ocrx_word' id='word_1_363' title='bbox 403 4108 528 4194; x_wconf 86' lang='lat' dir='ltr'><strong>graecis</strong></span> <span class='ocrx_word' id='word_1_364' title='bbox 557 4105 767 4189; x_wconf 81' lang='lat' dir='ltr'><strong>Syracusanis</strong></span> <span class='ocrx_word' id='word_1_365' title='bbox 795 4105 928 4188; x_wconf 89' lang='lat' dir='ltr'><strong>reperiri</strong></span> <span class='ocrx_word' id='word_1_366' title='bbox 958 4101 1153 4189; x_wconf 84' lang='lat' dir='ltr'><strong>epigraphen</strong></span> <span class='ocrx_word' id='word_1_367' title='bbox 1184 4102 1399 4168; x_wconf 81' lang='grc' dir='ltr'><em>ΑΡΕΘΟΣΑ</em></span> <span class='ocrx_word' id='word_1_368' title='bbox 1427 4101 1575 4183; x_wconf 81' lang='lat' dir='ltr'><strong>(Eclrhel</strong></span> <span class='ocrx_word' id='word_1_369' title='bbox 1601 4101 1642 4167; x_wconf 89' lang='lat' dir='ltr'><strong>D.</strong></span> <span class='ocrx_word' id='word_1_370' title='bbox 1663 4100 1706 4167; x_wconf 94' lang='lat' dir='ltr'><strong>N.</strong></span> <span class='ocrx_word' id='word_1_371' title='bbox 1736 4101 1762 4182; x_wconf 95' lang='lat' dir='ltr'><strong>l,</strong></span> <span class='ocrx_word' id='word_1_372' title='bbox 1791 4125 1865 4189; x_wconf 90' lang='lat' dir='ltr'><strong>pag.</strong></span> <span class='ocrx_word' id='word_1_373' title='bbox 1888 4107 1962 4168; x_wconf 87' lang='grc'><strong>246.</strong></span> 
     </span>
     <span class='ocr_line' id='line_1_32' title="bbox 343 4213 1963 4302; baseline -0.004 -16"><span class='ocrx_word' id='word_1_374' title='bbox 343 4219 492 4286; x_wconf 89' lang='lat' dir='ltr'><strong>Mionuet</strong></span> <span class='ocrx_word' id='word_1_375' title='bbox 518 4225 554 4297; x_wconf 91' lang='lat' dir='ltr'><strong>t,</strong></span> <span class='ocrx_word' id='word_1_376' title='bbox 577 4219 677 4302; x_wconf 79' lang='lat'>297):</span> <span class='ocrx_word' id='word_1_377' title='bbox 718 4220 891 4302; x_wconf 88' lang='lat' dir='ltr'><strong>imaginem</strong></span> <span class='ocrx_word' id='word_1_378' title='bbox 921 4230 1027 4281; x_wconf 90' lang='lat' dir='ltr'><strong>autem</strong></span> <span class='ocrx_word' id='word_1_379' title='bbox 1053 4213 1234 4280; x_wconf 85' lang='lat' dir='ltr'><strong>Arethusae</strong></span> <span class='ocrx_word' id='word_1_380' title='bbox 1255 4237 1319 4280; x_wconf 92' lang='lat' dir='ltr'><strong>non</strong></span> <span class='ocrx_word' id='word_1_381' title='bbox 1342 4215 1447 4281; x_wconf 90' lang='lat' dir='ltr'><strong>solum</strong></span> <span class='ocrx_word' id='word_1_382' title='bbox 1469 4219 1504 4279; x_wconf 93' lang='lat' dir='ltr'><strong>iu</strong></span> <span class='ocrx_word' id='word_1_383' title='bbox 1528 4214 1757 4298; x_wconf 88' lang='lat' dir='ltr'><strong>Syracusanis,</strong></span> <span class='ocrx_word' id='word_1_384' title='bbox 1787 4218 1844 4281; x_wconf 91' lang='lat' dir='ltr'><strong>sed</strong></span> <span class='ocrx_word' id='word_1_385' title='bbox 1866 4218 1963 4280; x_wconf 89' lang='lat' dir='ltr'><strong>etiam</strong></span> 
     </span>
     <span class='ocr_line' id='line_1_33' title="bbox 341 4327 1962 4418; baseline -0.002 -21"><span class='ocrx_word' id='word_1_386' title='bbox 341 4337 373 4397; x_wconf 93' lang='lat' dir='ltr'><strong>in</strong></span> <span class='ocrx_word' id='word_1_387' title='bbox 394 4331 529 4418; x_wconf 89' lang='lat' dir='ltr'><strong>reliquis</strong></span> <span class='ocrx_word' id='word_1_388' title='bbox 551 4330 681 4395; x_wconf 89' lang='lat' dir='ltr'><strong>Siciliae</strong></span> <span class='ocrx_word' id='word_1_389' title='bbox 703 4331 809 4394; x_wconf 88' lang='lat' dir='ltr'><strong>numia</strong></span> <span class='ocrx_word' id='word_1_390' title='bbox 832 4330 1122 4415; x_wconf 84' lang='lat' dir='ltr'><strong>frequentissimam</strong></span> <span class='ocrx_word' id='word_1_391' title='bbox 1146 4349 1233 4392; x_wconf 89' lang='lat' dir='ltr'><strong>esse:</strong></span> <span class='ocrx_word' id='word_1_392' title='bbox 1255 4327 1403 4414; x_wconf 88' lang='lat' dir='ltr'><strong>legatque</strong></span> <span class='ocrx_word' id='word_1_393' title='bbox 1418 4332 1459 4406; x_wconf 90' lang='lat' dir='ltr'><strong>is,</strong></span> <span class='ocrx_word' id='word_1_394' title='bbox 1483 4349 1565 4414; x_wconf 89' lang='lat' dir='ltr'><strong>quae</strong></span> <span class='ocrx_word' id='word_1_395' title='bbox 1588 4330 1627 4393; x_wconf 89' lang='lat' dir='ltr'><strong>ad</strong></span> <span class='ocrx_word' id='word_1_396' title='bbox 1650 4349 1797 4394; x_wconf 87' lang='lat' dir='ltr'><strong>caussam</strong></span> <span class='ocrx_word' id='word_1_397' title='bbox 1821 4343 1962 4394; x_wconf 89' lang='lat' dir='ltr'><strong>nostram</strong></span> 
     </span>
     <span class='ocr_line' id='line_1_34' title="bbox 342 4439 1960 4532; baseline -0.004 -22"><span class='ocrx_word' id='word_1_398' title='bbox 342 4446 471 4532; x_wconf 87' lang='lat' dir='ltr'><strong>egregie</strong></span> <span class='ocrx_word' id='word_1_399' title='bbox 494 4445 732 4509; x_wconf 89' lang='lat' dir='ltr'><strong>accommodata</strong></span> <span class='ocrx_word' id='word_1_400' title='bbox 754 4445 833 4506; x_wconf 90' lang='lat' dir='ltr'><strong>scite</strong></span> <span class='ocrx_word' id='word_1_401' title='bbox 856 4441 1006 4504; x_wconf 86' lang='lat' dir='ltr'><strong>observat</strong></span> <span class='ocrx_word' id='word_1_402' title='bbox 1029 4439 1203 4505; x_wconf 85' lang='lat' dir='ltr'><strong>Eckhelius</strong></span> <span class='ocrx_word' id='word_1_403' title='bbox 1226 4444 1258 4503; x_wconf 91' lang='lat' dir='ltr'><strong>in</strong></span> <span class='ocrx_word' id='word_1_404' title='bbox 1281 4439 1524 4527; x_wconf 89' lang='lat' dir='ltr'><strong>Prolegomenis</strong></span> <span class='ocrx_word' id='word_1_405' title='bbox 1547 4441 1587 4505; x_wconf 93' lang='lat' dir='ltr'><strong>ad</strong></span> <span class='ocrx_word' id='word_1_406' title='bbox 1609 4463 1725 4506; x_wconf 90' lang='lat' dir='ltr'><strong>numos</strong></span> <span class='ocrx_word' id='word_1_407' title='bbox 1748 4439 1874 4506; x_wconf 91' lang='lat' dir='ltr'><strong>Siculos</strong></span> <span class='ocrx_word' id='word_1_408' title='bbox 1897 4439 1960 4524; x_wconf 91' lang='lat' dir='ltr'><strong>(D.</strong></span> 
     </span>
     <span class='ocr_line' id='line_1_35' title="bbox 343 4553 1962 4643; baseline -0.004 -21"><span class='ocrx_word' id='word_1_409' title='bbox 343 4555 383 4622; x_wconf 91' lang='lat' dir='ltr'><strong>N.</strong></span> <span class='ocrx_word' id='word_1_410' title='bbox 401 4555 444 4622; x_wconf 80' lang='grc' dir='ltr'><strong>Τ.</strong></span> <span class='ocrx_word' id='word_1_411' title='bbox 460 4555 518 4643; x_wconf 94' lang='lat' dir='ltr'><strong>lp.</strong></span> <span class='ocrx_word' id='word_1_412' title='bbox 537 4559 629 4640; x_wconf 85' lang='grc'><strong>186).</strong></span> <span class='ocrx_word' id='word_1_413' title='bbox 674 4602 697 4636; x_wconf 92' lang='lat'>„</span> <span class='ocrx_word' id='word_1_414' title='bbox 707 4553 878 4632; x_wconf 83' lang='lat' dir='ltr'><strong>Amabant,</strong></span> <span class='ocrx_word' id='word_1_415' title='bbox 900 4556 1014 4640; x_wconf 90' lang='lat' dir='ltr'><strong>iuquit,</strong></span> <span class='ocrx_word' id='word_1_416' title='bbox 1038 4553 1139 4618; x_wconf 91' lang='lat' dir='ltr'><strong>Siculi</strong></span> <span class='ocrx_word' id='word_1_417' title='bbox 1159 4557 1192 4616; x_wconf 92' lang='lat' dir='ltr'><strong>in</strong></span> <span class='ocrx_word' id='word_1_418' title='bbox 1215 4569 1343 4618; x_wconf 87' lang='lat' dir='ltr'><strong>moneta</strong></span> <span class='ocrx_word' id='word_1_419' title='bbox 1363 4575 1421 4618; x_wconf 87' lang='lat' dir='ltr'><strong>sua</strong></span> <span class='ocrx_word' id='word_1_420' title='bbox 1444 4576 1623 4640; x_wconf 89' lang='lat' dir='ltr'><strong>proponere</strong></span> <span class='ocrx_word' id='word_1_421' title='bbox 1645 4555 1816 4619; x_wconf 69' lang='lat' dir='ltr'><strong>fluuiorum</strong></span> <span class='ocrx_word' id='word_1_422' title='bbox 1831 4571 1962 4617; x_wconf 87' lang='lat' dir='ltr'><strong>suorum</strong></span> 
     </span>
     <span class='ocr_line' id='line_1_36' title="bbox 342 4653 1960 4756; baseline -0.003 -24"><span class='ocrx_word' id='word_1_423' title='bbox 342 4653 471 4733; x_wconf 84' lang='lat' dir='ltr'><strong>aaruIna</strong></span> <span class='ocrx_word' id='word_1_424' title='bbox 494 4683 526 4732; x_wconf 92' lang='lat' dir='ltr'><strong>et</strong></span> <span class='ocrx_word' id='word_1_425' title='bbox 547 4667 682 4756; x_wconf 86' lang='lat' dir='ltr'><strong>effigies.</strong></span> <span class='ocrx_word' id='word_1_426' title='bbox 725 4669 845 4732; x_wconf 85' lang='lat' dir='ltr'><strong>Eorum</strong></span> <span class='ocrx_word' id='word_1_427' title='bbox 868 4680 938 4730; x_wconf 93' lang='lat' dir='ltr'><strong>octo</strong></span> <span class='ocrx_word' id='word_1_428' title='bbox 961 4679 1037 4730; x_wconf 90' lang='lat' dir='ltr'><strong>sunt</strong></span> <span class='ocrx_word' id='word_1_429' title='bbox 1054 4669 1219 4750; x_wconf 90' lang='lat' dir='ltr'><strong>comperti,</strong></span> <span class='ocrx_word' id='word_1_430' title='bbox 1242 4666 1386 4752; x_wconf 89' lang='lat' dir='ltr'><strong>Acragas</strong></span> <span class='ocrx_word' id='word_1_431' title='bbox 1399 4666 1581 4754; x_wconf 88' lang='lat' dir='ltr'><strong>Agrigenti,</strong></span> <span class='ocrx_word' id='word_1_432' title='bbox 1605 4667 1791 4732; x_wconf 82' lang='lat' dir='ltr'><strong>Amenanus</strong></span> <span class='ocrx_word' id='word_1_433' title='bbox 1807 4663 1960 4743; x_wconf 87' lang='lat' dir='ltr'><strong>Catenae,</strong></span> 
     </span>
     <span class='ocr_line' id='line_1_37' title="bbox 343 4774 1962 4864; baseline -0.006 -16"><span class='ocrx_word' id='word_1_434' title='bbox 343 4781 512 4848; x_wconf 80' lang='lat' dir='ltr'><strong>Arethusa</strong></span> <span class='ocrx_word' id='word_1_435' title='bbox 535 4780 789 4864; x_wconf 76' lang='lat' dir='ltr'><strong>Syracusarum,</strong></span> <span class='ocrx_word' id='word_1_436' title='bbox 818 4778 920 4844; x_wconf 92' lang='lat' dir='ltr'><strong>Asine</strong></span> <span class='ocrx_word' id='word_1_437' title='bbox 942 4775 1047 4857; x_wconf 88' lang='lat' dir='ltr'><strong>Naxi,</strong></span> <span class='ocrx_word' id='word_1_438' title='bbox 1077 4775 1219 4861; x_wconf 83' lang='lat' dir='ltr'><strong>Chrysas</strong></span> <span class='ocrx_word' id='word_1_439' title='bbox 1241 4782 1373 4856; x_wconf 72' lang='lat' dir='ltr'><strong>Amori,</strong></span> <span class='ocrx_word' id='word_1_440' title='bbox 1400 4778 1497 4845; x_wconf 86' lang='lat' dir='ltr'><strong>Gales</strong></span> <span class='ocrx_word' id='word_1_441' title='bbox 1521 4779 1638 4858; x_wconf 86' lang='lat' dir='ltr'><strong>Gelae,</strong></span> <span class='ocrx_word' id='word_1_442' title='bbox 1668 4780 1823 4864; x_wconf 88' lang='lat' dir='ltr'><strong>Hipparis</strong></span> <span class='ocrx_word' id='word_1_443' title='bbox 1846 4774 1962 4840; x_wconf 88' lang='lat' dir='ltr'><strong>Cama·</strong></span> 
     </span>
     <span class='ocr_line' id='line_1_38' title="bbox 341 4889 1960 4979; baseline -0.002 -21"><span class='ocrx_word' id='word_1_444' title='bbox 341 4897 450 4973; x_wconf 88' lang='lat' dir='ltr'><strong>rinae,</strong></span> <span class='ocrx_word' id='word_1_445' title='bbox 479 4893 608 4979; x_wconf 89' lang='lat' dir='ltr'><strong>Hypsas</strong></span> <span class='ocrx_word' id='word_1_446' title='bbox 633 4891 820 4958; x_wconf 89' lang='lat' dir='ltr'><strong>Selinuntis.</strong></span> <span class='ocrx_word' id='word_1_447' title='bbox 863 4893 984 4956; x_wconf 88' lang='lat' dir='ltr'><strong>Eorum</strong></span> <span class='ocrx_word' id='word_1_448' title='bbox 1007 4889 1130 4976; x_wconf 90' lang='lat' dir='ltr'><strong>effigies</strong></span> <span class='ocrx_word' id='word_1_449' title='bbox 1153 4906 1227 4955; x_wconf 82' lang='lat' dir='ltr'><strong>strut</strong></span> <span class='ocrx_word' id='word_1_450' title='bbox 1248 4893 1353 4956; x_wconf 89' lang='lat' dir='ltr'><strong>Iorma</strong></span> <span class='ocrx_word' id='word_1_451' title='bbox 1376 4890 1516 4955; x_wconf 88' lang='lat' dir='ltr'><strong>hurrrana</strong></span> <span class='ocrx_word' id='word_1_452' title='bbox 1538 4897 1632 4955; x_wconf 88' lang='lat' dir='ltr'><strong>cte.“</strong></span> <span class='ocrx_word' id='word_1_453' title='bbox 1676 4889 1740 4966; x_wconf 78' lang='lat' dir='ltr'><strong>eri</strong></span> <span class='ocrx_word' id='word_1_454' title='bbox 1765 4911 1840 4954; x_wconf 87' lang='lat' dir='ltr'><strong>vero</strong></span> <span class='ocrx_word' id='word_1_455' title='bbox 1865 4889 1960 4955; x_wconf 89' lang='lat' dir='ltr'><strong>uobis</strong></span> 
     </span>
     <span class='ocr_line' id='line_1_39' title="bbox 342 4995 1958 5092; baseline -0.002 -22"><span class='ocrx_word' id='word_1_456' title='bbox 342 5021 486 5070; x_wconf 88' lang='lat' dir='ltr'><strong>occurrat</strong></span> <span class='ocrx_word' id='word_1_457' title='bbox 498 5008 541 5092; x_wconf 85' lang='lat' dir='ltr'><strong>(v.</strong></span> <span class='ocrx_word' id='word_1_458' title='bbox 557 5007 734 5072; x_wconf 86' lang='lat' dir='ltr'><strong>Grotelend</strong></span> <span class='ocrx_word' id='word_1_459' title='bbox 749 4995 772 5070; x_wconf 91' lang='lat' dir='ltr'><strong>l.</strong></span> <span class='ocrx_word' id='word_1_460' title='bbox 787 5007 837 5091; x_wconf 84' lang='lat' dir='ltr'><strong>a),</strong></span> <span class='ocrx_word' id='word_1_461' title='bbox 853 5023 921 5076; x_wconf 77' lang='lat' dir='ltr'><strong>&#39;tua</strong></span> <span class='ocrx_word' id='word_1_462' title='bbox 932 5013 1069 5089; x_wconf 84' lang='lat' dir='ltr'><strong>pateant</strong></span> <span class='ocrx_word' id='word_1_463' title='bbox 1085 5003 1235 5082; x_wconf 70' lang='lat' dir='ltr'><strong>effosam</strong></span> <span class='ocrx_word' id='word_1_464' title='bbox 1253 5004 1381 5090; x_wconf 67' lang='grc' dir='ltr'>(φρέαρ)</span> <span class='ocrx_word' id='word_1_465' title='bbox 1397 5007 1499 5090; x_wconf 88' lang='lat' dir='ltr'><strong>magis</strong></span> <span class='ocrx_word' id='word_1_466' title='bbox 1514 5003 1746 5089; x_wconf 82' lang='lat' dir='ltr'><strong>quamfontem</strong></span> <span class='ocrx_word' id='word_1_467' title='bbox 1763 5001 1958 5089; x_wconf 88' lang='lat' dir='ltr'><strong>siguificare,</strong></span> 
     </span>
     <span class='ocr_line' id='line_1_40' title="bbox 341 5114 1958 5202; baseline -0.001 -20"><span class='ocrx_word' id='word_1_468' title='bbox 341 5139 414 5182; x_wconf 87' lang='lat' dir='ltr'><strong>eum</strong></span> <span class='ocrx_word' id='word_1_469' title='bbox 436 5121 626 5186; x_wconf 87' lang='lat' dir='ltr'><strong>remittimus</strong></span> <span class='ocrx_word' id='word_1_470' title='bbox 648 5121 687 5184; x_wconf 91' lang='lat' dir='ltr'><strong>ad</strong></span> <span class='ocrx_word' id='word_1_471' title='bbox 711 5118 790 5184; x_wconf 84' lang='lat' dir='ltr'><strong>Gen.</strong></span> <span class='ocrx_word' id='word_1_472' title='bbox 816 5124 867 5198; x_wconf 88' lang='grc'><strong>16,</strong></span> <span class='ocrx_word' id='word_1_473' title='bbox 891 5124 911 5184; x_wconf 89' lang='grc'><strong>7</strong></span> <span class='ocrx_word' id='word_1_474' title='bbox 934 5116 1008 5182; x_wconf 92' lang='lat' dir='ltr'><strong>coll.</strong></span> <span class='ocrx_word' id='word_1_475' title='bbox 1032 5123 1080 5180; x_wconf 88' lang='grc'><strong>14.</strong></span> <span class='ocrx_word' id='word_1_476' title='bbox 1103 5123 1285 5194; x_wconf 86' lang='grc'><strong>24,11.13.</strong></span> <span class='ocrx_word' id='word_1_477' title='bbox 1305 5123 1356 5196; x_wconf 91' lang='grc'><strong>16,</strong></span> <span class='ocrx_word' id='word_1_478' title='bbox 1380 5114 1550 5202; x_wconf 86' lang='lat' dir='ltr'><strong>exquibus</strong></span> <span class='ocrx_word' id='word_1_479' title='bbox 1566 5115 1803 5202; x_wconf 89' lang='lat' dir='ltr'><strong>locisapparet,</strong></span> <span class='ocrx_word' id='word_1_480' title='bbox 1827 5117 1958 5181; x_wconf 87' lang='lat' dir='ltr'><strong>cosdem</strong></span> 
     </span>
     <span class='ocr_line' id='line_1_41' title="bbox 340 5207 1960 5320; baseline -0.002 -24"><span class='ocrx_word' id='word_1_481' title='bbox 340 5207 464 5310; x_wconf 77' lang='lat' dir='ltr'><strong>lantes,</strong></span> <span class='ocrx_word' id='word_1_482' title='bbox 502 5237 555 5320; x_wconf 91' lang='lat' dir='ltr'><strong>qui</strong></span> <span class='ocrx_word' id='word_1_483' title='bbox 586 5251 654 5306; x_wconf 62' lang='lat' dir='ltr'><strong>utta</strong></span> <span class='ocrx_word' id='word_1_484' title='bbox 675 5238 780 5298; x_wconf 80' lang='lat' dir='ltr'><strong>vocati</strong></span> <span class='ocrx_word' id='word_1_485' title='bbox 803 5247 908 5313; x_wconf 90' lang='lat' dir='ltr'><strong>eraut,</strong></span> <span class='ocrx_word' id='word_1_486' title='bbox 940 5253 1016 5296; x_wconf 90' lang='lat' dir='ltr'><strong>mox</strong></span> <span class='ocrx_word' id='word_1_487' title='bbox 1038 5249 1083 5316; x_wconf 75' lang='lat' dir='ltr'><strong>pr</strong></span> <span class='ocrx_word' id='word_1_488' title='bbox 1107 5232 1230 5294; x_wconf 78' lang='lat' dir='ltr'><strong>vocari:</strong></span> <span class='ocrx_word' id='word_1_489' title='bbox 1265 5253 1368 5317; x_wconf 90' lang='lat' dir='ltr'><strong>neque</strong></span> <span class='ocrx_word' id='word_1_490' title='bbox 1390 5227 1484 5294; x_wconf 81' lang='lat' dir='ltr'><strong>laclia</strong></span> <span class='ocrx_word' id='word_1_491' title='bbox 1507 5227 1623 5315; x_wconf 89' lang='lat' dir='ltr'><strong>aliquis</strong></span> <span class='ocrx_word' id='word_1_492' title='bbox 1646 5231 1748 5310; x_wconf 91' lang='lat' dir='ltr'><strong>dieat,</strong></span> <span class='ocrx_word' id='word_1_493' title='bbox 1779 5228 1960 5295; x_wconf 88' lang='lat' dir='ltr'><strong>Arethusae</strong></span> 
     </span>
    </p>
   </div>
   <div class='ocr_carea' id='block_1_5' title="bbox 340 5343 1959 5434">
    <p class='ocr_par' dir='ltr' id='par_1_5' title="bbox 340 5343 1959 5434">
     <span class='ocr_line' id='line_1_42' title="bbox 340 5343 1959 5434; baseline -0.001 -26"><span class='ocrx_word' id='word_1_494' title='bbox 340 5345 461 5410; x_wconf 83' lang='lat' dir='ltr'><strong>iontem</strong></span> <span class='ocrx_word' id='word_1_495' title='bbox 484 5361 597 5433; x_wconf 88' lang='lat' dir='ltr'><strong>sponte</strong></span> <span class='ocrx_word' id='word_1_496' title='bbox 625 5351 660 5413; x_wconf 95' lang='lat' dir='ltr'><strong>iu</strong></span> <span class='ocrx_word' id='word_1_497' title='bbox 691 5345 861 5434; x_wconf 87' lang='lat' dir='ltr'><strong>superficie</strong></span> <span class='ocrx_word' id='word_1_498' title='bbox 890 5359 1012 5425; x_wconf 90' lang='lat' dir='ltr'><strong>terrae,</strong></span> <span class='ocrx_word' id='word_1_499' title='bbox 1052 5365 1112 5410; x_wconf 88' lang='lat' dir='ltr'><strong>uec</strong></span> <span class='ocrx_word' id='word_1_500' title='bbox 1145 5343 1229 5410; x_wconf 87' lang='lat' dir='ltr'><strong>Iorta</strong></span> <span class='ocrx_word' id='word_1_501' title='bbox 1265 5343 1417 5412; x_wconf 84' lang='lat' dir='ltr'><strong>fodiendo</strong></span> <span class='ocrx_word' id='word_1_502' title='bbox 1450 5357 1553 5408; x_wconf 90' lang='lat' dir='ltr'><strong>ortum</strong></span> <span class='ocrx_word' id='word_1_503' title='bbox 1586 5365 1675 5426; x_wconf 88' lang='lat' dir='ltr'><strong>csse,</strong></span> <span class='ocrx_word' id='word_1_504' title='bbox 1710 5359 1745 5410; x_wconf 90' lang='lat' dir='ltr'><strong>ut</strong></span> <span class='ocrx_word' id='word_1_505' title='bbox 1773 5361 1842 5416; x_wconf 77' lang='lat' dir='ltr'><strong>&#39;tua</strong></span> <span class='ocrx_word' id='word_1_506' title='bbox 1872 5355 1959 5408; x_wconf 89' lang='lat' dir='ltr'><strong>recte</strong></span> 
     </span>
    </p>
   </div>
   <div class='ocr_carea' id='block_1_6' title="bbox 0 0 2466 6297">
    <p class='ocr_par' dir='ltr' id='par_1_6' title="bbox 0 0 2466 6297">
     <span class='ocr_line' id='line_1_43' title="bbox 0 0 2466 6297; baseline 0 0"><span class='ocrx_word' id='word_1_507' title='bbox 0 0 2466 6297; x_wconf 95' lang='lat' dir='ltr'><strong> </strong></span> 
     </span>
    </p>
   </div>
  </div>
 </body>
</html>
