4978 6296
942 615 1370 686 PRAEFATIO.
1878 628 1966 696 xxl

351 805 399 880 H.
415 806 460 880 K.
478 803 524 880 N.
540 805 599 892 Ρ.,
633 805 765 880 incert.
792 801 904 880 C.1).
931 806 1008 900 Ε),
1036 829 1144 903 ,quae
1170 806 1242 902 legi
1269 806 1418 904 quidem
1446 823 1621 904 possunt,
1653 811 1720 886 sed
1745 811 1795 885 ad
1824 827 1965 900 certem

263 1007 267 1014 ,
350 935 481 1010 urbem
521 935 651 1008 referri
689 949 881 1030 noqueunt
918 937 1051 1008 iccirco
1091 934 1191 1032 quod
1223 937 1439 1031 ignoratur,
1472 963 1656 1034 quaenam
1689 942 1778 1016 urbs
1811 947 1964 1045 nornine

349 1063 547 1144 Pboenicio
579 1065 619 1137 in
652 1065 880 1138 numismate
906 1067 1105 1161 conspicuo
1131 1065 1220 1138 clim
1247 1066 1435 1162 appellata
1461 1068 1584 1144 furerit.
1638 1064 1992 1155 Quemadmodum

314 1171 319 1177 ¹
348 1205 474 1266 autem
500 1195 539 1268 in
566 1193 886 1289 interpretationis
911 1193 1103 1268 evidentia
1127 1193 1361 1268 aestimanda
1389 1196 1495 1292 plura
1513 1200 1618 1293 quasi
1634 1215 1964 1281 monumentorum
2043 1213 2044 1218 ’

348 1345 487 1416 genera
516 1321 779 1410 distinximus,
820 1323 875 1394 ita
912 1324 1033 1396 etiam
1060 1324 1100 1394 in
1136 1323 1233 1396 crr'ei
1254 1325 1468 1398 recreanda
1494 1326 1708 1410 faciendum
1735 1334 1963 1423 putavimus.

349 1447 421 1524 Ubi
446 1453 547 1556 enim
575 1450 635 1534 vel
660 1453 700 1524 in
726 1452 808 1548 ipso
834 1465 1080 1526 monumento
1107 1452 1170 1525 vel
1195 1455 1236 1525 in
1262 1469 1397 1552 ectypo
1421 1455 1616 1551 diligenter
1641 1455 1740 1530 facto
1755 1458 1963 1537 litterarum

348 1580 487 1658 ductus,
520 1583 737 1677 perspicuos
778 1581 847 1656 sub
882 1581 998 1654 oculis
1033 1581 1239 1670 habebam,
1281 1583 1337 1656 his
1372 1585 1460 1664 solis
1492 1586 1765 1664 inhaerendum
1800 1601 1912 1686 atque
1942 1615 1966 1664 a

348 1709 581 1786 coniecturae
607 1712 821 1786 temeritate
841 1733 992 1808 prorsus
1019 1710 1283 1786 abstinendum
1308 1717 1462 1810 putavi,
1501 1739 1616 1810 quum
1642 1718 1767 1812 ipsum
1794 1729 1965 1816 autogra-

350 1838 465 1935 phum
500 1841 677 1922 vitiosum
712 1839 825 1918 fuisse
863 1860 938 1912 non
971 1841 1052 1916 sine
1087 1842 1194 1934 gravi
1226 1865 1340 1916 causa
1368 1844 1609 1920 statuendum
1643 1844 1854 1922 videreturr
1900 1851 1965 1925 ubi

349 1990 440 2045 vcro
478 1991 528 2044 ex
564 1970 734 2066 pluribus
771 1969 983 2066 pendebam
1020 1969 1244 2066 apographis
1283 1973 1512 2069 imperfectis
1548 1987 1587 2046 et
1619 1975 1719 2048 inter
1748 1997 1788 2048 se
1823 1975 1964 2053 dissen-

348 2099 546 2188 tientibus,
570 2110 613 2170 ut
638 2100 679 2170 in
705 2098 814 2172 titulo
840 2097 1044 2195 Tuggensi,
1073 2101 1114 2172 in
1140 2101 1302 2194 genuina
1327 2102 1427 2174 tituli
1452 2102 1577 2176 ferma
1602 2103 1849 2180 instauranda
1874 2129 1964 2181 sane

349 2229 432 2328 crisi
468 2227 711 2306 coniecturali
730 2240 778 2313 ,et
809 2229 1081 2302 combinetoria
1114 2229 1315 2322 (Boeckbii
1346 2233 1529 2306 vocabulo
1563 2235 1668 2328 utor)
1695 2234 1746 2328 23)
1779 2235 1964 2314 utendum

348 2369 451 2430 erat:
493 2379 562 2430 nec
595 2355 836 2454 desperamus
867 2357 968 2446 fore,
1010 2371 1053 2432 ut
1087 2359 1201 2432 etiam
1243 2357 1377 2435 hartrm
1415 2332 1709 2436 coniecturarum
1750 2375 1963 2440 nostrarum

348 2509 426 2576 una
464 2487 633 2562 alterave
672 2485 875 2584 aliquando
915 2488 998 2583 ipso
1040 2500 1288 2562 monumento
1325 2488 1450 2564 denuo
1493 2489 1706 2586 diligentius
1746 2496 1964 2570 examinato

327 2617 586 2692 confirmetur
629 2612 688 2712 ²⁴).

351 2821 372 2831 ··
463 2799 572 2890 Quod
587 2803 635 2877 ed
651 2815 923 2900 argumentum
938 2802 1072 2876 borum
1089 2817 1422 2878 monumentorum
1439 2807 1584 2895 attinet,
1605 2803 1784 2878 fallentur
1799 2805 1962 2902 quidem,

349 2936 410 3030 qui
420 2933 585 3007 obscuris
600 2935 871 3008 remotissimae
888 2933 1119 3030 antiquitatis
1134 2933 1225 3008 locis
1237 2933 1399 3008 multum
1415 2935 1568 3008 luminis
1582 2933 1669 3007 inde
1687 2935 1809 3007 afferri
1820 2933 1961 3011 nedum

347 3087 484 3137 arcana
510 3065 589 3137 eius
614 3063 771 3148 reserari
794 3065 1117 3161 exspectaverint:
1144 3076 1411 3136 verumtamen
1433 3078 1514 3147 turn
1535 3085 1586 3136 ex
1601 3066 1691 3162 ipsis
1706 3067 1963 3140 monumentis

346 3189 429 3265 tum
456 3213 507 3264 ex
533 3193 615 3264 aliis
640 3193 788 3286 linguae
814 3193 1033 3265 Phoeniciae
1057 3193 1242 3287 reliquiis,
1273 3191 1474 3290 quaslibro
1490 3207 1622 3289 quarto
1637 3195 1962 3290 pertractavimus,

298 3418 303 3425 .
347 3323 490 3394 fructus
517 3319 669 3416 quidam
696 3341 773 3390 non
796 3318 1061 3391 contemnendi
1086 3321 1127 3391 in
1153 3323 1280 3394 varias
1310 3333 1349 3394 et
1379 3343 1504 3394 sacrae
1532 3331 1570 3394 ct
1594 3323 1776 3418 profanae
1802 3326 1961 3422 antiqui-

348 3453 435 3525 tatis
456 3448 669 3545 disciplinas
684 3447 896 3520 redundare
914 3447 1087 3519 censendi
1106 3463 1212 3538 sunt,
1244 3471 1401 3545 quornm
1419 3451 1620 3523 nonnullos
1634 3453 1763 3546 paucis
1780 3455 1962 3549 attingere

348 3581 478 3678 placet.
540 3577 595 3650 Ac
627 3578 790 3675 primum
824 3574 975 3673 quidem
1009 3576 1229 3673 scripturae
1264 3577 1491 3674 lirrgaaeqae
1515 3579 1716 3651 Hebraeae
1745 3580 1898 3656 historia
1923 3597 1962 3656 et

347 3713 509 3784 rationes
540 3706 630 3781 inde
665 3708 781 3780 variis
815 3703 938 3778 modis
975 3703 1218 3778 illustrantur.
1283 3703 1496 3801 Scripturae
1534 3709 1635 3780 enim
1672 3706 1893 3782 Chaldaicae
1930 3735 1958 3785 r.

347 3837 548 3938 quadratae
582 3835 786 3932 originibus
825 3821 999 3930 magnam
1034 3846 1179 3930 partem
1212 3835 1376 3906 obscuris
1409 3847 1521 3930 etque
1553 3837 1745 3932 perplexis
1778 3838 1883 3910 nulla
1919 3865 1960 3912 re

347 3970 432 4067 plus
458 3969 549 4042 lucis
570 3967 751 4056 affertur,
775 3987 886 4062 qnam
913 3965 1124 4038 litteratura
1144 3961 1210 4034 illa
1232 3961 1419 4036 Aramaea
1442 3961 1689 4060 Aegyptiace,
1715 3965 1754 4036 in
1774 3967 1961 4060 quaillius

349 4101 552 4196 scripturae
579 4096 801 4194 principium
830 4107 868 4166 et
894 4095 998 4190 quasi
1024 4093 1252 4166 incunabula
1275 4113 1387 4188 quarn
1412 4092 1692 4166 evidentissime
1708 4095 1823 4168 oculis
1843 4118 1962 4195 expo·
2018 4137 2023 4142 ·

347 4239 497 4302 nuntur.
559 4225 753 4298 Praeterea
787 4237 868 4296 tum
901 4221 1067 4319 singulae
1103 4221 1285 4322 quaedam
1323 4245 1434 4295 voces
1467 4223 1508 4293 in
1534 4221 1578 4296 V.
1602 4221 1643 4294 Τ.
1678 4236 1716 4295 et
1740 4226 1896 4300 rariores
1922 4243 1961 4302 et

348 4358 579 4432 obscuriores
605 4353 789 4427 crebriore
813 4347 1017 4425 ¹earundem
1044 4355 1085 4424 in
1112 4351 1259 4447 linguae
1285 4351 1506 4426 Phoeniciae
1541 4352 1704 4448 reliquiis
1731 4377 1799 4428 usu
1826 4357 1959 4455 expla-

347 4485 570 4580 nantur25),
598 4499 678 4558 tum
704 4481 873 4556 maxime
899 4504 944 4580 ea
968 4481 1117 4576 linguae
1143 4479 1340 4558 Hebraeae
1363 4483 1625 4578 pronunciatio
1650 4495 1689 4554 et
1714 4447 1960 4559 conformatio

347 4617 608 4715 grammatica,
639 4635 735 4710 quae
762 4611 911 4709 punctis
936 4612 1166 4683 masoreticis
1188 4612 1411 4698 continetur,
1437 4609 1598 4699 Punicae
1624 4610 1771 4706 linguae
1795 4635 1961 4708 pronun-

410 4917 466 4994 23)
490 4915 587 4992 Gorp.
604 4912 698 4970 inser.
714 4907 812 4989 praef.
829 4927 896 4988 pag.
910 4906 1001 4968 XIX.
1187 4907 1331 4966 firmavit.
1377 4908 1462 4968 Aliae
1485 4908 1677 4966 coniecturas
1697 4917 1803 4985 postca
1824 4911 1963 4992 ipserum

411 5018 464 5100 24)
488 5019 527 5079 ln
547 5015 603 5075 lrec
626 5016 691 5094 ipsa
708 5014 863 5094 Tuggensi
888 5033 957 5093 spes
978 5029 1036 5070 nos
1057 5028 1121 5067 non
1188 5009 1324 5094 lapidum
1344 5012 1524 5072 auctoritate
1543 5011 1673 5072 firmatas
1693 5029 1726 5071 v.
1742 5011 1782 5072 ad
1796 5015 1912 5080 Athen.
1928 5029 1961 5084 2,

347 5125 475 5200 fefellit,
514 5133 550 5183 ut
569 5129 693 5200 apparet
717 5137 758 5178 ex
779 5116 920 5197 exemplo
947 5114 1123 5194 Honeggeri
1192 5115 1298 5175 Carth.
1321 5123 1352 5176 2.
1377 5123 1395 5176 3
1417 5115 1456 5174 al.

348 5229 499 5312 (append.
518 5233 537 5288 3
564 5241 631 5305 pag.
649 5219 730 5303 45),
762 5223 846 5302 quod
866 5231 987 5282 textum
1003 5218 1124 5280 euobis
1255 5217 1310 5301 25)
1325 5220 1383 5279 vc.
1393 5232 1489 5308 purga
1504 5219 1564 5278 inm
1579 5217 1693 5280 dadum
1707 5226 1849 5303 estquod
1864 5229 1963 5293 exhi,

285 5313 290 5324 ⁸
350 5335 549 5396 constitutum
564 5339 684 5410 praeter
698 5347 780 5390 vers.
798 5333 818 5390 7
837 5327 869 5385 in
881 5325 1033 5406 plerisque
1050 5344 1126 5384 con·
1192 5324 1398 5409 monumentis
1414 5324 1564 5404 explicari
1589 5320 1704 5406 (prael.
1721 5325 1758 5388 ad
1775 5329 1855 5392 Lex.
1872 5332 1961 5397 hebr.

1532 5442 1551 5505 d
