5004 6306
487 615 563 688 278
627 607 761 676 LIBER
779 608 982 676 TERTIUS.
1026 607 1086 673 DE
1109 607 1250 675 NUMlS
1273 603 1536 674 PHOENlCllS.
1576 607 1721 676 CAPUT
1744 605 2003 674 SECUNDUM.

488 801 661 865 devincens
683 810 715 858 et
736 795 891 880 perdens,
911 797 1017 862 ¹modo
1039 815 1103 860 rex
1119 798 1261 862 Persice
1278 795 1415 860 bestiam
1437 795 1553 860 elatam
1578 811 1610 860 et
1631 811 1798 862 cornutam
1820 795 1916 876 (vide
1931 792 2018 858 Dan.
2032 798 2063 870 7,
2075 801 2107 856 4.

488 917 519 979 o.
538 918 569 978 7.
586 913 625 994 8)
647 907 756 996 gladio
778 907 966 972 confodiens
995 907 1088 992 (Ker
1108 908 1221 974 Portet
1241 908 1264 974 l.
1281 931 1308 973 c.
1331 906 1394 974 tah.
1419 914 1470 974 52.
1496 913 1547 974 5³.
1569 915 1610 974 54
1645 909 1687 974 cl.
1708 929 1794 974 oure.
1818 924 1918 974 nostr.
1939 905 2001 972 litt.
2024 903 2055 970 N
2076 920 2110 976 et

488 1026 596 1114 plures
624 1019 788 1104 cylindros
818 1019 926 1084 Musei
954 1019 1152 1100 Britannici,
1191 1043 1272 1107 ‹pnos
1292 1020 1439 1107 sulphuri
1461 1025 1633 1108 impressos
1655 1036 1730 1086 ante
1753 1019 1864 1086 ecrtlos
1887 1020 2011 1106 haheo)
2033 1022 2055 1083 i.
2078 1039 2107 1082 e.

487 1136 640 1226 papalum
662 1134 820 1219 quendem
840 1131 989 1198 hostilem
1012 1133 1126 1198 fortem
1149 1134 1276 1218 quidem
1300 1147 1331 1198 et
1353 1133 1490 1198 celerem
1513 1137 1614 1199 exitio
1637 1136 1732 1199 dans:
1761 1154 1864 1219 neque
1882 1130 2039 1198 dissimile
2060 1143 2111 1195 cst

488 1250 664 1326 erahlema,
694 1247 778 1332 quod
800 1249 832 1310 ia
857 1245 986 1310 monete
1007 1245 1188 1332 Anglicana
1208 1249 1241 1310 in
1263 1246 1355 1312 ludia
1377 1246 1525 1311 orientali
1546 1263 1619 1332 post
1640 1245 1869 1333 'l'ippc-Saihi
1889 1244 2011 1311 cladem
2033 1265 2110 1308 cusa

488 1374 670 1449 comparet,
711 1361 744 1422 in
784 1380 846 1445 qua
880 1360 931 1422 lea
966 1357 1137 1445 (Angliam
1166 1360 1431 1445 repraesentans)
1456 1363 1578 1424 sistitur
1608 1361 1756 1451 tigridem
1786 1355 2111 1446 (lippe-Samum)

488 1475 685 1551 dilacerans,
707 1469 767 1536 hac
788 1470 964 1558 epigraphe
987 1485 1049 1556 (ex
1071 1474 1272 1536 numismatis
1293 1470 1562 1538 Muhamruedicis
1583 1473 1696 1558 petita)
1714 1473 1829 1573 ”im
1854 1473 1908 1543 stit
1935 1476 2005 1540 ml
2035 1471 2057 1532 i.
2081 1490 2110 1532 e.

486 1595 540 1660 leo
562 1593 628 1660 Dei
649 1593 761 1656 victor.

617 1757 681 1824 His
703 1759 888 1844 praemissis
910 1759 950 1822 ad
975 1760 1177 1846 epigraphes
1198 1757 1405 1848 explicandas
1418 1759 1617 1824 accedamus.
1662 1757 1711 1823 Ac
1728 1759 1993 1846 primoquidem,
2016 1777 2113 1842 quam

489 1873 591 1942 hahes
621 1876 656 1936 in
686 1872 821 1935 adversa
845 1889 1012 1934 aureorum
1033 1871 1074 1937 A.
1098 1871 1133 1937 Β.
1156 1871 1193 1938 C.
1215 1871 1256 1940 D.
1279 1873 1326 1953 E,
1357 1875 1438 1936 eitra
1459 1871 1691 1936 dubitationem
1714 1871 1852 1958 legenda
1876 1885 1925 1935 est
1949 1891 2009 1942 run
2031 1871 2111 1946 iss,

491 2002 526 2056 nt
546 1991 670 2074 primus
693 1985 801 2048 docuit
823 1979 973 2047 Saturne
996 1982 1136 2066 (Philas.
1160 1986 1392 2051 Transactions
1406 1983 1502 2050 LVII
1524 2009 1554 2070 p.
1569 1983 1666 2066 266):
1690 2000 1722 2048 et
1745 1989 1800 2048 vix
1824 1996 2000 2048 rnetnoratu
2022 1981 2112 2066 digni

490 2099 696 2170 Hamalrerus
719 2091 879 2174 (Miscell.
903 2097 1002 2178 143),
1042 2099 1097 2181 qui
1118 2097 1257 2177 dubitat,
1296 2113 1401 2162 utrum
1426 2115 1484 2169 t'tn
1508 2121 1547 2161 an
1573 2111 1648 2183 pan
1672 2095 1841 2185 legendum
1865 2099 1924 2176 sit,
1954 2108 1987 2159 et
2009 2092 2047 2158 0.
2071 2092 2111 2156 G.
2164 2179 2167 2186 Ι

489 2211 711 2298 Tychsenius,
750 2209 805 2293 qui
833 2207 914 2272 adeo
950 2223 1018 2276 aas
1047 2211 1109 2281 ha:
1138 2207 1248 2296 legere
1283 2207 1413 2274 volebat
1451 2209 1500 2297 (v.
1533 2207 1650 2294 Bayeri
1680 2207 1811 2274 Vindio.
1843 2207 1908 2288 ΙΙΙ,
1938 2231 2009 2296 pag.
2039 2207 2111 2291 88).

490 2323 634 2391 Alteram
656 2321 751 2385 huius
773 2317 965 2406 epigraphes
986 2343 1097 2387 vocem
1119 2343 1181 2394 t'tn
1211 2321 1344 2387 Tarsum
1362 2322 1474 2388 urbem
1497 2323 1702 2410 significare,
1724 2339 1756 2386 et
1777 2345 1889 2388 ornnes
1911 2321 2114 2386 consentiunt

491 2453 523 2503 et
544 2440 602 2502 vix
624 2433 762 2500 dubitari
781 2447 899 2518 petest:
929 2455 1033 2520 neque
1054 2433 1160 2500 obstat
1182 2435 1266 2522 quod
1291 2433 1432 2500 Berosus
1464 2438 1533 2522 (ap.
1558 2435 1677 2501 Euseh.
1701 2439 1736 2500 in
1758 2433 1868 2502 chron.
1891 2455 2012 2498 armen.
2035 2429 2076 2497 T.
2099 2427 2115 2494 Ι

491 2573 518 2638 p.
536 2553 586 2614 43.
608 2543 772 2626 Aucher.)
795 2541 934 2610 'l'areum
957 2543 1034 2611 elim
1050 2543 1181 2613 'l'arsim
1202 2547 1380 2632 (areant)
1401 2546 1592 2634 appellatam
1613 2549 1714 2614 luisse
1735 2549 1848 2614 tradit:
1887 2546 2002 2612 horum
2027 2547 2113 2608 enirn

493 2681 662 2728 numerum
690 2655 788 2746 longe
819 2659 921 2722 maior
951 2662 1148 2745 certiorque,
1184 2683 1277 2750 quam
1312 2659 1400 2726 illius
1429 2661 1593 2746 scriptoris
1621 2665 1654 2726 in
1682 2659 1744 2726 hec
1777 2659 1910 2726 historia
1943 2657 2024 2722 fides
2053 2670 2113 2720 eat.

492 2771 670 2859 Utrumque
699 2786 807 2850 ,autem
837 2767 1027 2835 vocabulum
1059 2791 1121 2844 van
1150 2775 1211 2844 has
1239 2797 1370 2854 omnes,
1405 2776 1490 2860 quod
1511 2775 1629 2852 sciam,
1665 2775 1825 2839 demittam
1846 2797 1873 2838 a.
1896 2774 1989 2839 deum
2018 2769 2117 2836 Tarra·

492 2886 656 2974 explicant
692 2883 786 2967 (cell.
823 2903 871 2955 nst
901 2885 963 2952 bs:
998 2888 1096 2951 inser.
1133 2885 1239 2950 Melit.
1271 2886 1309 2970 Ι)
1345 2902 1377 2950 et
1410 2885 1523 2951 Iones·
1558 2885 1749 2952 Tarsensem
1782 2885 1986 2974 intelligunt,
2025 2885 2115 2948 cuius

491 3002 665 3085 imaginem
688 2997 821 3062 exhibet
844 3019 977 3074 numus,
1010 3011 1046 3060 ιιι
1066 2999 1100 3061 in
1120 3020 1218 3061 numo
1242 2997 1401 3062 Hadriani
1424 2999 1506 3082 apud
1529 2995 1742 3064 Vaillantium
1766 2995 1914 3084 (Eckhel
1934 2995 1994 3076 ΙΙΙ,
2015 3019 2044 3083 p.
2061 2996 2115 3077 73)

493 3109 610 3197 legitur
631 3111 743 3174 ΔΙΟΣ
762 3108 972 3173 ΤΑΡΣΕΩΝ
985 3105 1027 3194 ’),
1050 3123 1082 3173 et
1109 3107 1197 3174 lovis
1219 3109 1406 3175 attributam
1428 3109 1509 3187 Ζεὺς
1533 3109 1663 3195 Τίραιος
1685 3115 1706 3176 i.
1718 3135 1747 3177 e.
1767 3109 1902 3199 Τάρσιος
1923 3118 2115 3176 memoratur

493 3224 577 3312 apud
601 3220 747 3286 Eustath.
771 3223 812 3286 ad
837 3220 973 3304 Dionys.
996 3220 1153 3308 Perleget.
1177 3230 1250 3289 872.
1294 3219 1363 3288 Nec
1385 3222 1532 3309 displicet
1563 3221 1643 3288 haec
1665 3227 1902 3311 interpretatio:
1934 3243 2113 3310 quanquam

494 3337 592 3399 etiam
622 3331 687 3398 alia
716 3331 815 3398 hahet
844 3353 907 3420 quo
937 3355 972 3396 se
1001 3337 1213 3401 commendet.
1258 3335 1368 3401 Potest
1394 3338 1479 3418 enim
1509 3339 1571 3406 be:
1604 3335 1760 3402 defective
1791 3341 1942 3424 seriptum
1965 3358 2036 3400 esse
2058 3357 2114 3420 pro

492 3449 566 3517 aba:
603 3444 678 3531 (lih.
711 3453 725 3510 l
758 3447 786 3524 9.
813 3447 897 3530 40),
936 3460 968 3510 et
999 3465 1060 3516 τἾιι
1089 3449 1151 3516 hes
1180 3480 1224 3508 =
1253 3469 1314 3519 tan
1346 3451 1418 3519 ὑπ
1457 3457 1545 3514 ciues
1579 3443 1677 3515 Tarrc'
1704 3449 1905 3536 significare,
1942 3463 1977 3513 ut
2010 3450 2115 3513 nornis
2197 3479 2206 3498 ι

493 3557 663 3642 Gaditanis
692 3575 724 3624 et
752 3556 938 3644 Tingitanis
965 3563 1153 3648 inscriptum
1183 3577 1247 3626 est:
1286 3583 1369 3630 nasu
1400 3567 1484 3631 besa
1515 3585 1536 3626 a
1565 3562 1690 3626 ciuibus
1720 3562 1879 3644 Gadium,
1916 3580 2002 3633 'tvm
2030 3565 2140 3632 alsa·

494 3679 614 3739 οιύιιαε
640 3671 798 3751 Gadium,
830 3676 997 3743 nanterre
1021 3671 1347 3763 aee‘vr‘larTs'rrgs‘s,
1376 3679 1471 3762 idque
1494 3679 1597 3760 magis
1626 3675 1694 3738 sere
1716 3673 1838 3761 placet,
1872 3699 1968 3764 quum
1992 3673 2113 3741 nullum

494 3781 676 3871 exemplum
713 3785 802 3850 nami
839 3801 963 3866 exstet,
1009 3791 1062 3853 cui
1094 3789 1234 3854 numinis
1266 3785 1411 3854 tutelaris
1439 3793 1546 3874 imago
1574 3783 1732 3872 insculpta
1761 3803 1793 3853 et
1814 3791 1944 3876 insuper
1973 3791 2113 3854 eiusdem

495 3921 613 3964 numen
644 3901 806 3985 appictum
836 3899 897 3978 sit,
917 3903 1046 3964 'eontra
1076 3908 1194 3968 ct‘et'uta
1221 3923 1248 3966 s.
1278 3907 1429 3966 civitatis
1458 3905 1578 3966 mentio
1600 3905 1633 3966 in
1658 3903 1764 3967 nuruis
1786 3902 1937 3989 frequens
1958 3905 2000 3967 sit
2021 3918 2114 3990 atque

493 4009 646 4076 solennis.

624 4182 674 4248 De
696 4181 873 4248 litterarum
895 4184 1028 4272 liguris,
1059 4207 1140 4271 quae
1161 4189 1195 4250 ia
1219 4185 1370 4252 omnihus
1391 4186 1485 4253 huius
1507 4187 1699 4275 epigraphes
1721 4189 1878 4274 exemplis
1894 4194 2026 4256 eaedem
2043 4211 2114 4254 esse

495 4351 616 4432 solent,
655 4375 753 4417 unum
792 4353 1005 4460 monendum,
1051 4358 1084 4420 in
1118 4353 1268 4442 exemplo
1299 4355 1326 4420 B
1363 4355 1444 4422 Zeia
1484 4363 1635 4448 scriptum
1676 4363 1776 4426 videri
1833 4327 1903 4461 ὶ,
1945 4361 1985 4424 cl.
2009 4359 2113 4424 simile

495 4523 575 4590 Zeia
598 4523 683 4590 ialre
702 4522 765 4592 litt.
787 4524 826 4591 G.

622 4711 782 4799 Sequatur
804 4711 931 4800 longior
950 4711 1009 4776 illa
1030 4715 1198 4799 inscriptio
1222 4735 1374 4796 aversae,
1397 4737 1478 4802 quae
1495 4718 1645 4784 diuturna
1659 4722 1868 4806 interpretum
1883 4738 1961 4780 crux
1977 4717 2115 4802 primum

496 4824 536 4888 ah
558 4826 706 4891 Asander
721 4827 873 4910 Peprcae
895 4824 1098 4892 landabiliter
1121 4841 1255 4891 tractata
1277 4843 1326 4900 est
1346 4832 1379 4892 in
1403 4829 1647 4910 dissertatione,
1670 4853 1763 4916 qnam
1784 4851 1881 4915 supra
1901 4827 2114 4908 laudavimus,

496 4936 569 5001 dein
594 4942 696 5026 magis
718 4943 823 5004 invita
845 4937 993 5004 Minerva
1014 4962 1035 5004 a
1056 4939 1255 5027 Lindhergic
1278 4939 1301 5004 l.
1323 4964 1350 5004 c.
1375 4957 1407 5006 et
1428 4941 1634 5022 Hasnakero,
1658 4940 1796 5008 Miscell.
1817 4965 1847 5028 p.
1871 4951 1950 5021 144,
1981 4933 2113 5030 qrrcrum

534 5219 558 5281 Ἰ
576 5217 886 5279 Nisiiorteveillestias
899 5229 1273 5296 uenenorum-teocam-
1343 5245 1412 5297 quae
1434 5227 1553 5299 vulgaris
1575 5235 1616 5280 est
1634 5241 1775 5282 numomtn
1793 5229 1967 5286 Tarsensium
1987 5231 2114 5286 Hadriani

496 5323 561 5369 rste
569 5315 624 5368 hec
637 5319 783 5387 exsculpsit
793 5337 843 5389 pro
852 5321 1064 5378 AAPJANaN
1078 5325 1272 5390 effertus,
1343 5326 1503 5396 epigraphe,
1520 5341 1549 5378 v·
1566 5323 1692 5378 hlionnet
1709 5325 1766 5394 lli,
1785 5327 1848 5382 624.
