4906 6300
359 569 369 586 ’
501 625 554 701 80
615 613 748 684 amns
771 610 947 680 numus.
989 609 1368 678 ιιιιιοιιιιιιιιιι
1389 609 1643 678 enormem„
1686 609 1834 678 carun
1857 583 2080 689 uomruu.

504 807 669 894 Koppium
693 823 836 890 qaoque,
867 803 900 866 in
923 799 975 865 bis
995 799 1094 864 rebus
1112 797 1194 864 elias
1213 797 1513 887 diligentissimum,
1543 797 1643 864 altam
1664 799 1828 866 silentium
1844 815 1902 866 est.
1945 799 2014 864 lam
2029 821 2126 886 snpra

504 934 612 986 samm
641 917 798 993 vidimus,
835 911 881 978 nil
901 909 996 976 facile
1018 915 1052 976 in
1076 911 1137 976 bac
1157 911 1338 978 litteratura
1358 915 1537 978 intricatior
1560 933 1648 992 esse,
1688 933 1783 1000 quam
1805 912 2002 978 sibilantium
2022 911 2124 978 bisto-

350 1088 359 1094 .
505 1036 586 1098 riam
600 1045 632 1092 et
646 1027 971 1102 autumationum,
988 1037 1021 1088 et
1035 1023 1121 1090 baad
1135 1027 1204 1090 scio
1216 1047 1258 1090 sn
1273 1024 1387 1090 barura
1403 1022 1577 1090 nonnullae
1592 1023 1714 1112 figures
1728 1027 1813 1090 inter
1824 1047 1860 1090 se
1874 1027 2126 1113 permutaverint

527 1166 557 1206 v.
577 1141 695 1224 inira).

507 1146 519 1228 (
630 1251 792 1315 Posterius
821 1252 856 1314 ia
885 1249 1051 1314 codicibus
1080 1248 1237 1336 liturgicis
1264 1248 1527 1314 Londineasibas
1556 1261 1589 1313 et
1616 1247 1774 1314 Gotbanis
1796 1269 1817 1312 a
1837 1271 1889 1314 me
1912 1261 2072 1336 repertum
2094 1261 2127 1312 et

503 1387 604 1452 nuper
632 1363 753 1428 editam
780 1363 810 1446 *)
851 1384 894 1426 ex
929 1359 987 1426 illo
1027 1362 1198 1428 manifesto
1228 1375 1334 1426 ortam
1364 1375 1433 1441 est,
1468 1364 1514 1426 ita
1545 1362 1673 1448 qnidam
1704 1375 1741 1426 at
1768 1359 1978 1448 tacbygrapbi
2005 1359 2127 1448 ligares

502 1481 679 1545 formarent
699 1472 789 1539 nullo
811 1475 941 1560 negotio
964 1487 998 1538 et
1019 1474 1163 1561 fugiente
1184 1476 1253 1540 iere
1274 1473 1396 1538 calamo
1418 1475 1619 1561 pingendae,
1649 1477 1684 1538 ia
1707 1471 1870 1540 nonnullis
1890 1472 2007 1540 littaris
2028 1475 2126 1539 etiam

502 1594 544 1658 ad
572 1604 712 1654 veterem
743 1585 980 1672 simplicitatem
1011 1587 1154 1652 redirent
1182 1589 1238 1670 (v.
1265 1585 1367 1666 Beth,
1393 1585 1518 1666 liescb,
1544 1585 1693 1671 Deletlr).
1740 1587 1823 1652 Prae
1852 1588 1990 1651 caeteris
2013 1599 2124 1650 notatu

503 1707 620 1790 dignae
648 1699 773 1788 figurae
806 1695 898 1782 Capd
927 1711 959 1761 et
992 1697 1084 1763 Mese
1111 1697 1309 1778 litterarum,
1346 1721 1480 1785 quarum
1517 1697 1671 1764 denticuli
1700 1721 1720 1762 a
1752 1700 1884 1764 sinistra
1916 1711 2007 1784 parte
2036 1701 2128 1783 scapi

503 1826 708 1902 comparent,
737 1809 821 1897 quod
843 1811 947 1895 ipsam
969 1831 989 1874 a
1011 1809 1189 1876 scribarum
1208 1812 1413 1894 festinatione
1430 1810 1608 1898 prolectam
1625 1811 1759 1876 videtur.
1801 1811 1997 1876 Litterarum
2018 1823 2128 1874 autem
2164 1873 2168 1884 ,

505 1925 633 1994 tabulae
662 1945 682 1988 a
709 1923 804 1988 nobis
835 1923 999 1987 coniectae
1028 1921 1125 1988 aliam
1153 1923 1335 1989 addidimus
1364 1945 1383 1987 a
1410 1923 1612 1988 Samaritano
1640 1921 1776 1988 leidensi
1796 1921 1999 1989 Alerdledt‘o
2020 1921 2126 1986 datam

418 2043 420 2050 ’
505 2055 576 2104 eta
605 2038 753 2104 Vlotertr'o
775 2036 893 2100 editam
922 2035 1047 2118 (decer.
1069 2036 1141 2100 cod.
1167 2033 1546 2102 sonantum-aratio·
1570 2036 1814 2124 Lugdunensis.
1848 2035 1955 2122 Lugd.
1980 2037 2073 2100 1808.
2093 2041 2126 2096 4.

505 2149 571 2219 tab.
590 2151 649 2234 1),
687 2169 821 2234 quarum
849 2146 974 2234 figurae
1000 2146 1041 2213 ab
1071 2147 1199 2212 illorum
1229 2151 1374 2214 codicum
1403 2147 1518 2236 figaris
1546 2151 1624 2213 satia
1653 2149 1835 2234 discrepant
1863 2148 1929 2232 ”),
1964 2169 2006 2214 ex
2035 2161 2154 2252 parte·

506 2280 611 2329 temen
635 2274 813 2327 memorata
827 2259 1044 2345 dignissimae
1066 2275 1158 2340 sunt,
1187 2281 1220 2326 r.
1242 2281 1271 2325 e.
1294 2259 1405 2346 Alepd
1427 2275 1460 2326 et
1484 2260 1571 2340 Tus,
1600 2282 1681 2348 qaae
1703 2259 1789 2325 linea
1807 2260 1990 2339 diacritica,
2023 2259 2083 2325 Tei
2096 2273 2129 2324 et

504 2375 622 2462 Κορῆ,
657 2394 738 2460 quae
765 2385 884 2458 puncto
914 2373 1154 2448 discernuntur;
1191 2373 1331 2436 maxime
1361 2387 1468 2438 samm
1500 2371 1667 2438 sibilantes
1693 2371 1796 2452 Saia,
1825 2369 1981 2452 sancet,
2020 2371 2124 2452 zade,

506 2507 640 2574 quarum
660 2483 785 2572 figurae
805 2482 888 2548 mibi
904 2486 950 2549 ita
971 2484 1181 2572 explicandae
1203 2486 1369 2564 videatur,
1400 2500 1435 2550 at
1456 2483 1542 2551 Sar'rt
1565 2499 1598 2550 et
1618 2483 1756 2552 Sacerci
1779 2499 1868 2550 ortae
1889 2487 1955 2550 siut
1972 2506 2015 2550 ex
2028 2486 2126 2549 variis

503 2627 617 2716 figuris
638 2627 761 2711 antiqui
782 2622 920 2688 Samecb
942 2621 1051 2712 (u),
1080 2625 1174 2691 Zode
1195 2645 1238 2690 ex
1259 2623 1430 2710 phoenicio
1454 2611 1515 2702 Ζ.

631 2765 779 2832 Ceterum
813 2767 848 2829 ia
884 2777 1019 2850 utroque
1056 2764 1240 2830 charactere
1273 2764 1374 2830 verba
1409 2765 1546 2853 singulis
1578 2771 1705 2855 punctis
1733 2769 1881 2833 distincte
1913 2778 2002 2832 sant:
2042 2786 2124 2852 quae

505 2880 715 2969 pronunciata
745 2877 896 2963 ambigua
917 2891 1029 2955 eraut,
1058 2877 1214 2956 subinde,
1239 2877 1297 2942 sed
1318 2898 1412 2960 raro,
1441 2879 1536 2964 signo
1558 2882 1723 2946 discritico
1744 2893 1854 2946 notata
1881 2881 1933 2966 (v.
1954 2876 2012 2945 lib.
2032 2875 2063 2942 ll
2084 2879 2125 2942 ad

505 2996 600 3058 inser.
625 2991 698 3073 53).

849 3172 898 3238 n:
931 3168 1176 3237 sumerum
1197 3169 1416 3260 ιιιιιιιι
1445 3169 1543 3240 curt
1563 3171 1779 3244 saurus,

1254 3345 1283 3420 t·
1318 3345 1370 3407 ra.

1030 3477 1377 3560 Palmyrenorum
1404 3479 1598 3548 litterae.

630 3627 829 3714 Scriptorum
850 3629 1139 3692 vetustissimemm
1158 3627 1390 3696 Aramaeorum
1411 3628 1669 3721 indecorumque
1700 3633 1933 3720 Aegyptiorum
1963 3640 2122 3702 aramaioe

503 3733 713 3808 scribentium
740 3742 804 3804 iam
834 3761 930 3826 supra
958 3743 1163 3805 tractavimus
1186 3743 1232 3824 (ς.
1252 3749 1304 3812 41.
1325 3743 1399 3828 42).
1442 3742 1528 3808 Huic
1551 3747 1697 3830 proxima
1717 3747 1851 3831 eiusque
1872 3749 1942 3810 siva
1963 3745 2033 3813 lilia
2053 3751 2122 3814 sira

503 3876 596 3921 soror
617 3849 808 3938 appellanda
828 3866 878 3916 est
897 3858 1064 3938 scriptura
1085 3855 1301 3938 Palmyrena,
1337 3855 1377 3919 de
1394 3876 1461 3942 qua
1482 3877 1566 3920 nanc
1588 3859 1697 3942 paucis
1718 3858 1878 3944 agendum
1900 3875 1960 3926 est.

632 3963 798 4030 Marmora
835 3963 896 4028 bac
930 3963 1108 4030 litteratura
1136 3969 1308 4053 inscripta,
1349 3987 1483 4054 qaoraru
1514 3967 1696 4052 qaindecim
1724 3969 1888 4058 bucusque
1915 3975 2123 4040 innotuerant

504 4079 558 4161 (in
587 4075 639 4139 bii
667 4075 775 4141 decent
799 4073 996 4162 bilinguia),
1021 4079 1054 4142 in
1079 4075 1249 4142 ruderibus
1271 4077 1360 4144 urbis
1389 4077 1531 4146 Tadmor
1558 4102 1586 4144 s.
1610 4079 1778 4166 Palmyrae
1798 4087 1832 4150 iu
1855 4084 1969 4170 Syriae
1996 4087 2122 4152 deserto

503 4199 647 4274 reperta,
677 4184 787 4250 seculo
809 4208 840 4272 p.
862 4184 939 4251 Chr.
961 4191 1103 4254 secundo
1125 4204 1158 4254 et
1178 4193 1273 4254 tertio
1301 4189 1360 4274 (ab
1389 4213 1474 4256 auno
1503 4197 1567 4258 396
1594 4193 1635 4259 ad
1657 4201 1720 4261 569
1747 4218 1841 4262 aerae
1863 4197 2119 4284 Seleucidarum)

502 4298 693 4365 florentibus
724 4297 986 4383 Palmyrenorum
1019 4301 1116 4367 rebus
1146 4303 1291 4367 dedicata
1312 4315 1396 4368 sunt.
1439 4302 1514 4369 Dae
1537 4326 1649 4372 eoram
1678 4310 1743 4372 iam
1772 4331 1836 4376 sec.
1866 4309 1965 4382 XVII
1987 4309 2122 4377 Romam

503 4426 684 4478 transvecta
710 4410 758 4476 ibi
785 4413 818 4474 in
848 4409 964 4476 Museo
994 4411 1177 4501 Capitolino
1206 4430 1429 4496 asservantur,
1465 4419 1527 4481 tria
1546 4416 1610 4484 alia
1632 4423 1716 4485 inter
1738 4443 1899 4488 marmora
1920 4421 2123 4490 oxoniensis

503 4527 646 4611 reposita
673 4535 767 4603 sunt,
804 4521 1001 4610 reliquorum
1030 4528 1159 4592 nonnisi
1188 4525 1371 4614 apographa
1398 4551 1419 4594 a
1445 4527 1643 4597 Dawsrusro
1667 4547 1699 4598 et
1721 4532 1874 4599 Woonro
1903 4537 1937 4600 ia
1958 4536 2121 4624 Europam

503 4635 602 4702 allata
629 4647 662 4700 et
693 4635 780 4700 edita
807 4649 938 4701 exstant
964 4639 998 4700 in
1028 4640 1149 4702 eximio
1177 4659 1291 4725 opere:
1324 4639 1380 4705 tde
1401 4641 1510 4709 Ratae
1530 4645 1574 4724 of
1588 4648 1760 4730 Palmyra,
1789 4647 1926 4713 Londoa
1950 4653 2032 4714 1⁷5³
2054 4647 2122 4728 tot,

504 4750 590 4813 unde
611 4750 746 4834 repetita
767 4763 842 4813 sant
862 4771 882 4812 a
904 4747 1073 4814 Sartona
1094 4753 1129 4814 in
1152 4750 1278 4818 Pteros.
1306 4752 1538 4822 Tramactiorrr
1560 4756 1638 4821 Vol.
1654 4763 1706 4824 48.
1748 4759 1993 4825 Accaratiorem
2013 4774 2120 4826 tamen

505 4874 651 4945 quattuor
673 4858 910 4926 oxoniensium
931 4865 1104 4948 imaginem
1126 4864 1213 4928 dedit
1233 4863 1331 4935 lltca.
1345 4866 1532 4933 Cusanum
1545 4871 1579 4932 in
1591 4867 1713 4934 Maras.
1732 4871 1909 4938 oronim.
1932 4893 1985 4937 no.
2001 4877 2118 4938 8-11
2181 4875 2185 4882 '

506 4973 694 5057 (repetitam
715 4994 735 5036 a
755 4973 904 5062 Keppr'o‚
928 4973 1045 5040 Bilder
1067 4976 1136 5041 aad
1157 4973 1330 5058 Schriften
1350 4979 1393 5060 ll,
1420 4985 1491 5046 133.
1512 4985 1585 5046 251.
1606 4984 1708 5068 256),
1738 4985 1936 5072 duorumque
1957 4981 2120 5052 titulorum

557 5210 586 5278 ⁸¹)
612 5214 696 5264 cem.
723 5215 886 5266 Samaritana
912 5231 935 5268 ι.
958 5217 1146 5270 Anecdotorum
1172 5221 1281 5274 orienta-
1400 5215 1440 5284 ⁰)
1458 5219 1611 5276 Nonnullae
1629 5219 1708 5276 eliam
1727 5231 1867 5294 ιιιριοιιο
1886 5233 1964 5293 ruat,
1980 5233 2056 5282 berle
2070 5225 2120 5282 vix

506 5305 569 5359 liam
584 5305 654 5370 sarr.
672 5311 694 5359 l.
719 5308 792 5378 Lips.
808 5309 885 5364 1824.
904 5311 958 5362 tab.
974 5309 998 5380 l,
1015 5313 1052 5368 ci.
1065 5331 1092 5383 p.
1103 5319 1130 5370 7.
1140 5318 1167 5371 8.
1349 5323 1506 5382 accuratae,
1531 5325 1561 5371 at
1579 5318 1674 5373 schin.
