5004 6306
375 661 716 734 rsnunorflonlt.
733 663 931 734 E'l'Sl’Ull.
957 659 1876 733 Lxxvu1.nxxtx.ctana.n'rarnmrlca.
1919 664 1994 740 255

383 857 471 932 Yms
497 854 626 931 adalb
691 855 823 954 plocio
948 855 1133 954 cogamo
1256 853 1461 952 plnmlorr
1508 851 1687 927 schelest:
1742 851 1877 949 ghotos
1953 851 1988 924 ls‘

373 985 456 1085 Ego
483 985 636 1062 ascendi
647 989 852 1083 regionem,
880 987 1001 1062 donec
1026 988 1233 1062 submersio
1258 986 1484 1076 continentis
1511 983 1662 1057 aderat:
1693 982 1930 1057 ascendimus
1946 982 1997 1058 ad

424 1113 501 1189 lior
600 1115 714 1190 Atlas
812 1115 971 1216 socioso
1062 1115 1273 1216 foslhlroe:
1333 1116 1385 1188 cla
1435 1113 1600 1212 ylolbor
1632 1111 1814 1186 'lamiam
1858 1111 1970 1186 Atlas

288 1320 296 1334 ,
375 1259 545 1322 montem
559 1243 740 1322 Atlantis:
766 1248 1002 1322 substitimus
1024 1248 1065 1324 in
1079 1246 1206 1320 medio
1224 1247 1323 1320 aius:
1349 1245 1404 1320 ibi
1428 1247 1621 1320 maximus
1640 1244 1996 1342 regumAtlantidis

373 1375 492 1450 elleds'
511 1373 565 1448 lm
717 1374 860 1450 lenoni
1048 1375 1196 1475 s’sebc
1272 1373 1440 1472 docrptlr
1491 1373 1670 1450 essolems
1720 1373 1987 1451 l’cltelmotolr

375 1505 441 1580 ubi
497 1516 582 1578 erat
607 1503 837 1582 domicilium
861 1529 991 1582 meum
1023 1508 1064 1580 in
1086 1520 1234 1606 septem
1278 1505 1432 1582 orbibus
1530 1505 1622 1580 solis
1711 1527 1765 1578 ex
1784 1508 1890 1580 iussu
1905 1506 1998 1594 eius,

447 1634 594 1731 ssf’tue
669 1633 833 1732 deerytls
857 1635 1045 1710 osochems
1086 1637 1223 1734 s's'mr·
1264 1647 1402 1733 myrta
1438 1634 1642 1708 Maoesesss
1676 1633 1692 1706 l
1702 1633 1845 1710 ’maol
1881 1633 2001 1710 l’ord

374 1763 480 1836 etin
507 1762 655 1838 duobus
680 1765 833 1840 orbibus
881 1768 971 1840 solis
1074 1787 1126 1840 ex
1142 1768 1247 1840 iussu
1287 1767 1359 1842 τοῦ
1468 1765 1613 1840 Mnesiii
1705 1767 1802 1863 regis
1875 1777 1999 1838 ternae

372 1903 510 1989 myrrto
536 1891 752 1993 l’elgpptes
775 1907 911 1993 nepotes
934 1893 1109 1970 errorohor
1135 1895 1308 1970 elicior.
1345 1896 1445 1993 Myo
1462 1893 1566 1968 lado
1580 1891 1741 1993 plaiano
1853 1919 1956 1968 noro

540 2021 706 2122 Aegypti
724 2024 771 2124 (l)
797 2080 886 2100 .....
962 2025 1069 2101 lluvii
1145 2028 1283 2124 magni.
1386 2026 1480 2099 Inde
1577 2049 1724 2100 sursum
1746 2026 1999 2122 spectavimus

374 2151 539 2252 derryth
588 2154 821 2230 m’daevcdtn
870 2165 1007 2253 mpetu
1031 2154 1066 2226 l’
1078 2153 1234 2252 pllalrcit
1252 2156 1445 2254 yssonos'n:
1504 2180 1608 2229 ocra
1682 2153 1842 2256 ylcobro
1917 2153 1997 2256 oyl-

398 2285 508 2368 orbes¹
539 2283 860 2382 splendidissimos
1042 2284 1199 2362 dearum
1290 2287 1402 2360 coeli:
1460 2265 1628 2364 vidimus
1665 2286 1842 2364 maxima
1865 2284 1999 2384 etpul·

373 2409 517 2486 οΙιοειια
580 2411 750 2509 lyddam
774 2426 910 2512 myrta
959 2413 1118 2512 ῃὶ-Αόα
1143 2413 1334 2490 cellolae.-
1366 2443 1469 2490 nora
1507 2417 1641 2514 yddcir
1665 2414 1836 2514 ydoeleb
1862 2423 2000 2510 myrta
2096 2393 2101 2397 ’

374 2542 559 2616 cherrima
572 2543 613 2614 in
630 2545 949 2641 contemplatione
971 2545 1075 2620 ane
1163 2547 1298 2620 totiusz
1325 2547 1492 2621 vidimus
1506 2547 1662 2621 domum
1680 2569 1834 2620 auream

372 2669 477 2769 ylico
527 2669 683 2768 yltobtr
711 2671 861 2773 Neptu!
914 2673 1101 2748 o’Elessas'
1171 2673 1308 2747 l'om'z
1364 2675 1399 2748 Is'
1420 2675 1653 2776 ckojotllo:
1702 2699 1807 2750 noro
1857 2669 2003 2770 quelpt

373 2803 491 2901 patris
534 2803 662 2899 magni
700 2801 870 2902 Neptuni
895 2817 935 2878 et
951 2803 1136 2878 Eleusidis
1161 2804 1335 2879 honorati
1361 2806 1541 2881 fratribus
1567 2807 1660 2880 suis:
1687 2803 1854 2878 vidimus
1897 2813 1974 2875 tres

413 2930 553 3027 ymdtil
605 2941 741 3030 mpetu
788 2931 941 3006 Herlul
993 2933 1153 3033 s’doqq
1197 2933 1335 3032 ylbaln·
1371 2947 1509 3034 myrrea
1549 2931 1740 3009 l'moleolt
1773 2930 1998 3006 Adroladoo

377 3059 571 3139 columnas
622 3115 739 3135 .....
779 3063 955 3138 Herculis
978 3066 1019 3136 in
1035 3063 1160 3139 littore
1198 3067 1314 3140 maris
1378 3121 1495 3142 .....
1570 3069 1667 3164 regis
1766 3059 1999 3151 Adroladon,

375 3185 600 3286 yl-bpreds'o
620 3187 843 3286 yl-lsosam'u
860 3194 956 3290 sejo
982 3203 1124 3294 tooqqo
1148 3195 1336 3292 ysoclems
1358 3209 1524 3296 composta
1547 3191 1770 3295 gli-&psalt
1810 3187 1980 3289 yddelteb

401 3317 554 3415 frigidas
634 3317 819 3418 pulchras,
869 3321 935 3394 ubi
962 3321 1156 3396 descendit
1219 3325 1286 3420 sol,
1430 3341 1469 3414 et
1569 3348 1769 3426 pomorum
1799 3341 1997 3398 aureorum

375 3447 534 3522 sal-Aeo
564 3445 710 3523 larua:
747 3474 850 3523 noro
912 3448 1063 3546 el-Ae'o
1088 3451 1213 3526 collisa
1246 3457 1342 3552 sajo
1360 3431 1572 3552 j'ommero
1600 3451 1789 3552 l’pllaiat
1812 3449 1999 3550 pliciter:

376 3591 414 3652 et
429 3575 552 3652 Eoum
571 3603 703 3654 cornu:
730 3579 897 3654 vidimus
925 3579 1046 3654 anm
1080 3593 1211 3673 totam,
1251 3585 1317 3658 ubi
1373 3583 1547 3660 habitant
1640 3583 1732 3657 deae
1832 3581 1965 3654 maris:

414 3731 519 3780 noro
597 3709 728 3812 Espon
813 3707 939 3786 colliso
965 3709 1083 3784 elleds'
1103 3709 1234 3811 jyslolr
1261 3709 1504 3810 s’clsaddtin
1544 3711 1717 3810 yl-baltr
1746 3707 2004 3807 pl-gesowpus’

375 3837 544 3913 vidimus
560 3835 786 3938 Hispaniam
809 3852 928 3916 totam
974 3863 1071 3938 quae
1106 3853 1213 3946 patet
1258 3844 1302 3918 in
1322 3843 1509 3922 limitibus
1571 3845 1688 3918 maris
1786 3837 1974 3912 interioris

397 3965 631 4066 spiramus·
697 3968 841 4066 oplard
885 3980 1024 4068 myrsta
1049 3970 1271 4068 yt-mlecl
1300 3971 1435 4070 pescle
1514 3973 1656 4046 o'esmss
1757 3968 1989 4064 Msirrotarf

376 4111 415 4171 et
430 4099 639 4188 exterioris,
665 4111 854 4174 etterram
1107 4105 1204 4199 regis
1279 4104 1443 4201 septimi,
1471 4105 1575 4177 euius
1590 4123 1734 4176 nomen
1781 4097 1998 4184 Minatur,

419 4225 530 4326 palei
622 4223 870 4326 jyntomemss
921 4231 1166 4331 ed-deorytl
1191 4231 1375 4330 git-toto
1396 4245 1533 4332 repnte
1561 4230 1758 4332 poschemr.

357 4369 578 4455 *antequam
605 4359 768 4450 absoluti
790 4371 879 4432 sunt
980 4363 1089 4438 orbes
1139 4371 1142 4380 '
1214 4365 1341 4461 magni
1603 4363 1701 4436 solis.

501 4579 652 4646 Proiecto
673 4585 773 4668 igitur
792 4597 877 4663 erat
899 4587 929 4650 sl
950 4583 1135 4651 Marclsioni
1151 4569 1312 4674 sociisque
1327 4587 1427 4668 lidos,
1451 4555 1689 4654 antediluviana
1704 4599 1816 4650 nostra
1832 4583 1998 4666 inscriptio

376 4693 417 4758 ab
441 4693 590 4772 bomine,
625 4697 681 4779 qui
708 4698 742 4760 is
770 4697 842 4783 ipso
865 4695 978 4761 diluvii
1001 4697 1139 4786 Ogygici
1161 4703 1295 4766 exordio
1317 4723 1359 4766 ex
1380 4699 1589 4766 inleriorilnu
1614 4697 1788 4765 Atlantidis
1811 4693 1998 4781 regionibus

377 4809 497 4871 sensim
533 4806 710 4872 submersis
747 4811 780 4872 in
817 4807 947 4874 altiores
980 4814 1178 4892 ascenderit,
1216 4813 1262 4878 ibi
1296 4815 1379 4899 apud
1408 4836 1536 4900 regem,
1573 4808 1686 4897 procul
1722 4809 1819 4874 dubio
1850 4805 1997 4895 Ogygos,

377 4933 591 4986 commoratus
613 4919 726 5000 luerit,
753 4935 785 4986 et
807 4944 850 4988 ex
870 4943 995 4988 summo
1017 4925 1087 4990 eius
1111 4928 1276 4990 cacumine
1292 4928 1406 5011 partim
1424 4939 1564 4990 remotas
1580 4939 1684 4988 terrae
1700 4925 1861 5008 regiones,
1882 4926 1997 5008 partim

377 5027 459 5094 coeli
485 5031 592 5096 sidera
623 5032 724 5097 oculis
756 5032 1001 5100 collustraverit.
1055 5033 1148 5113 Quod
1179 5039 1254 5123 quid
1286 5037 1349 5103 sibi
1370 5035 1467 5116 velit,
1497 5035 1632 5102 lectores
1653 5057 1730 5100 mox
1753 5033 1934 5123 intelligent
1955 5057 1996 5102 ex

376 5139 445 5220 bis,
481 5164 561 5229 quae
589 5159 663 5231 post
687 5144 853 5212 Platonem
881 5150 915 5211 in
948 5145 1050 5212 Critia
1071 5150 1105 5213 in
1126 5147 1254 5213 Eumali
1277 5147 1435 5234 Cyrenaei
1458 5147 1540 5213 libro
1564 5147 1604 5213 ab
1625 5149 1739 5213 iisdem
1760 5147 1996 5232 Melitensibus,

377 5256 406 5318 si
423 5252 483 5318 Dis
506 5253 627 5340 placet,
650 5261 781 5324 invento
803 5261 851 5345 (i.
865 5262 904 5344 3)
926 5262 965 5326 de
988 5259 1152 5326 Atlantide
1175 5259 1296 5327 diluvio
1320 5261 1468 5351 Ogygico
1490 5261 1656 5328 submersa
1677 5265 1852 5327 memoriae
1873 5265 1998 5349 prodita

377 5381 469 5448 suut,
506 5388 526 5432 a
555 5367 650 5436 nobis
675 5383 844 5459 propterea
873 5376 906 5439 in
929 5377 1015 5441 notis
1039 5373 1175 5442 subinde
1196 5373 1368 5444 laudanda.
1413 5377 1495 5442 Prae
1516 5378 1632 5441 ceteris
1653 5389 1760 5442 autom
1780 5379 1997 5463 inscriptionis
