4992 6292
512 653 573 720 DE
594 653 803 722 LITTERIS
826 653 1089 722 Pnoaarctts.
1130 655 1160 732 ς.
1179 657 1230 720 35.
1259 651 1320 718 DE
1342 649 1567 720 Nummtca
1587 653 1848 722 scaminus.
1948 659 1996 736 51

503 841 553 906 Ac
575 845 717 927 primunr
746 842 874 928 quidem
895 843 923 906 ai
947 843 1002 927 qni
1023 839 1106 904 iorte
1127 842 1281 905 mirentur
1302 854 1335 906 et
1356 843 1498 931 ineptum
1522 854 1671 906 censeant
1693 853 1787 928 atque
1808 841 1999 924 inauditum,

373 953 459 1020 idem
480 956 609 1040 signnm
634 951 741 1039 plures
762 951 885 1018 litteras
906 951 1089 1040 significare
1108 973 1221 1038 posse,
1250 951 1284 1017 hi
1314 975 1411 1051 unum
1433 952 1512 1018 illud
1537 965 1702 1040 reputent,
1733 951 1794 1018 hoc
1823 956 1998 1040 scripturae

373 1087 476 1152 genus
499 1087 564 1130 non
587 1069 773 1152 primariam
797 1088 868 1130 esse
892 1079 925 1129 et
946 1067 1088 1130 nativum
1119 1065 1171 1149 (in
1196 1086 1258 1149 quo
1282 1064 1345 1128 tale
1373 1067 1448 1153 quid
1477 1067 1623 1131 accidere
1653 1087 1716 1132 oon
1748 1066 1909 1152 poterat),
1939 1068 1997 1134 sed

374 1179 601 1244 secundarium
632 1189 665 1241 et
695 1178 939 1264 degeneratum,
978 1197 1152 1262 omnesque
1185 1173 1259 1242 illas
1295 1173 1438 1256 litteras,
1477 1201 1557 1265 quac
1588 1199 1673 1242 nunc
1704 1177 1996 1264 tachygraphornns

374 1289 573 1378 negligentia
595 1291 628 1354 in
650 1311 770 1354 meram
793 1289 911 1354 lineam
928 1290 1080 1355 directam
1100 1287 1151 1352 vel
1165 1291 1198 1353 io
1212 1291 1339 1375 signum
1356 1291 1544 1355 cruciforme
1557 1292 1755 1370 reciderunt,
1778 1287 1854 1354 olim
1870 1289 1998 1378 plenius

372 1401 472 1466 luisse
501 1405 601 1487 pictae
631 1416 663 1465 et
691 1423 768 1466 ase
791 1405 928 1468 invicem
950 1401 1050 1487 probe
1071 1401 1236 1466 discretas.
1280 1401 1328 1466 lta
1349 1405 1486 1469 vidimus
1520 1402 1535 1512 Ι
1571 1437 1615 1466 =
1636 1400 1871 1468 Reth'sensim
1892 1419 1996 1470 ortum

371 1527 845 1724 esseex),idqnaex9,
947 1521 1207 1730 :Narseus
1246 1625 1257 1660 ,
1315 1511 1327 1734 Ι
1368 1579 1624 1644 :Lonedex
1655 1511 1720 1746 ζ,
1771 1547 1784 1711 Ι
1821 1573 1996 1640 :Torreat

395 1753 439 1923 [l
458 1798 577 1883 ,idque
594 1817 635 1860 ex
660 1758 728 1939 ‘r
755 1845 763 1860 .
805 1798 932 1866 Eodem
948 1820 1077 1884 prorsus
1091 1805 1181 1864 ratio
1195 1807 1245 1864 eat
1259 1797 1423 1884 alphabeti
1439 1795 1544 1877 cnfici,
1567 1800 1602 1863 in
1619 1821 1681 1885 qno
1697 1795 1845 1864 sirniliter
1858 1795 1997 1884 quinque

370 1981 495 2046 litterae
510 1978 617 2064 (lieth,
636 1980 686 2060 Je,
708 1980 796 2062 Nun,
820 1981 903 2062 The,
926 1983 1027 2068 Thac)
1049 1984 1183 2048 eandem
1197 1981 1334 2070 liguram
1350 1981 1483 2048 habent:
1508 1993 1572 2050 non
1589 1987 1679 2072 qnasi
1693 1987 1740 2050 sic
1755 1986 1905 2050 inventae
1918 1981 1995 2059 sint,

372 2095 429 2160 sed
444 2096 518 2180 quia
533 2095 671 2180 quinque
686 2092 811 2160 litterae
825 2099 1001 2182 scripturae
1011 2099 1126 2161 veteris
1135 2095 1433 2184 SyraeEstrangelo
1442 2098 1651 2182 dictae(node
1665 2095 1798 2166 onficatn
1807 2095 1997 2181 scripturam

373 2219 475 2272 ortam
493 2226 564 2270 essa
582 2207 717 2290 constat)
740 2208 895 2273 ascribis
910 2197 1054 2274 Arabum
1070 2211 1103 2274 in
1120 2208 1315 2274 huncarium
1332 2223 1364 2273 et
1380 2208 1650 2295 simplicissimam
1664 2208 1800 2296 figuram
1817 2217 1997 2272 contractae

373 2319 497 2403 sunt*).
539 2315 618 2381 ltern
638 2340 690 2384 res
710 2341 746 2384 se
761 2319 858 2387 habet
875 2322 915 2386 de
933 2324 1089 2407 scriptura
1106 2320 1351 2387 Saasanidarum
1368 2324 1402 2386 in
1419 2324 1619 2388 numismatis
1626 2323 1680 2407 **),
1703 2322 1845 2407 adeoque
1863 2315 1903 2384 de
1917 2319 1998 2383 scri-

373 2459 468 2533 ptura
489 2457 597 2510 nostra
618 2448 803 2532 germanica
828 2451 972 2528 cursiva,
996 2449 1114 2534 inqua
1133 2476 1166 2504 u
1190 2461 1240 2514 est
1259 2448 1299 2515 Ν
1316 2461 1421 2512 ortum
1445 2469 1488 2512 ex
1508 2446 1565 2513 lat.
1587 2468 1629 2528 a,
1663 2461 1695 2512 et
1723 2447 1756 2514 U
1773 2464 1877 2514 ortam
1898 2465 1940 2510 ex
1962 2464 1995 2522 rt,

371 2624 484 2698 postea
506 2611 633 2676 demum
657 2615 750 2700 signo
773 2615 938 2680 discritico
960 2573 1020 2701 (οἵ)
1042 2614 1205 2680 distincta:
1228 2616 1407 2680 cuiusmodi
1431 2617 1534 2702 signia
1557 2617 1730 2682 diacriticis
1752 2619 1849 2680 stiam
1871 2612 1997 2682 Arabes

371 2753 482 2824 postea
503 2737 562 2802 has
587 2735 708 2804 litteras
730 2742 763 2805 io
788 2739 903 2806 Nischi
924 2744 1083 2828 scriptura
1104 2741 1294 2808 discrevisse
1318 2747 1389 2842 (ψ,
1418 2761 1477 2844 ne,
1510 2791 1558 2845 Ο,
1591 2767 1644 2835 co,
1676 2748 1738 2838 da)
1759 2745 1839 2808 satis
1861 2751 1995 2804 constat.

500 2865 635 2932 Deinde
663 2869 704 2932 ad
732 2871 875 2936 eiusdem
906 2875 1082 2957 scripturae
1111 2871 1231 2939 cnficae
1260 2874 1416 2938 rationem
1450 2894 1508 2938 eos
1538 2875 1700 2936 remittere
1727 2871 1906 2958 possimus,
1943 2869 1995 2956 qui

373 2979 490 3043 nimiae
517 2993 550 3043 et
578 3000 679 3064 paene
710 2984 871 3048 inauditae
899 2983 1118 3072 ambiguitatis
1147 2986 1208 3050 hoc
1235 2989 1410 3073 scripturae
1432 3008 1534 3074 genna
1561 2999 1722 3051 accusent.
1765 2983 1829 3048 Sed
1853 2975 2020 3069 proiecto

374 3113 438 3155 non
454 3088 557 3154 multo
577 3093 679 3155 maior
700 3107 749 3157 est
771 3093 868 3160 buius
888 3119 981 3182 quam
1004 3097 1192 3184 phoeniciae
1214 3097 1357 3184 volgaris
1379 3097 1560 3179 difficultas,
1581 3097 1678 3162 mndo
1700 3097 1762 3162 boc
1776 3108 1917 3178 teneant,
1941 3095 1996 3180 qui

371 3201 448 3267 talia
469 3216 674 3266 monomenta
692 3201 800 3292 legere
814 3205 933 3288 volent,
956 3231 1020 3273 non
1042 3213 1076 3274 in
1098 3209 1234 3298 singulis
1256 3223 1377 3276 tanturn
1400 3209 1568 3279 elementis
1588 3209 1786 3276 haerendum
1808 3229 1892 3287 esse,
1916 3227 1997 3294 qnae

371 3335 468 3400 saepe
491 3313 641 3398 ambigua
662 3329 754 3395 sunt,
777 3318 851 3396 sed,
875 3334 910 3384 ot
926 3323 1131 3407 inscriptura
1154 3325 1340 3410 aegyptiaca
1362 3323 1533 3402 enchoria,
1555 3339 1589 3388 ut
1611 3325 1644 3387 in
1670 3318 1834 3388 codicibus
1859 3318 1996 3386 arabicis

370 3423 563 3515 graecisque
586 3425 786 3514 negligenter
820 3434 964 3518 scriptis,
995 3434 1028 3498 id
1057 3434 1232 3520 agendam,
1266 3451 1301 3501 ut
1328 3439 1454 3524 integra
1484 3438 1590 3501 statim
1624 3433 1799 3515 voeabula,
1830 3429 1995 3510 formulas,

371 3542 597 3627 signorumque
619 3544 711 3628 quasi
735 3541 968 3630 symplegmate
990 3549 1136 3632 (quorum
1159 3543 1253 3632 plura
1274 3550 1308 3612 in
1326 3547 1377 3613 his
1393 3551 1606 3614 monumentis
1623 3549 1796 3614 identidem
1815 3545 1994 3628 recurrant)

371 3647 474 3716 oculis
504 3667 536 3717 et
566 3658 672 3717 menie
700 3655 988 3743 comprehendant,
1022 3679 1091 3744 quo.
1116 3657 1201 3722 lacto
1231 3639 1359 3724 deinum
1381 3657 1579 3748 singulorum
1601 3657 1831 3725 elementorum
1854 3672 1996 3744 potestas

371 3766 551 3829 accuratius
589 3765 717 3832 definiri
755 3783 869 3854 potest.
919 3763 1056 3836 Accedit
1095 3772 1179 3858 quod
1217 3767 1372 3836 vocabola
1412 3747 1582 3837 admodum
1625 3772 1722 3837 obvia
1759 3785 1790 3834 et
1824 3792 1884 3834 ruo
1922 3771 1996 3832 trita

370 3873 658 3963 tachygraphorum
683 3901 773 3944 more
796 3884 886 3969 quasi
907 3905 964 3970 per
988 3881 1209 3972 compendium
1228 3881 1391 3970 multoque
1410 3881 1624 3972 negligentius
1647 3885 1766 3970 scripta
1788 3904 1859 3947 esse
1877 3877 1994 3961 solent,

370 4010 464 4075 quam
486 3985 627 4074 reliqua,
658 3995 798 4058 maxime
822 3999 953 4062 contina
972 3999 1117 4084 propria:
1922 3989 1925 3996 Δ

497 4097 540 4165 V.
564 4123 592 4170 c.

395 4224 508 4406 >W
544 4289 576 4340 0‘
670 4224 767 4398 ,ᾧ
800 4328 843 4356 =
869 4316 928 4380 tate
952 4297 1126 4383 (dominas)
1150 4295 1247 4365 Nom.
1271 4305 1300 4376 1,
1320 4303 1395 4362 t.2.
1420 4305 1449 4375 2,
1472 4303 1486 4360 l
1511 4303 1539 4363 2.
1564 4302 1593 4374 3,
1614 4302 1641 4361 1.
1666 4303 1698 4372 4,
1722 4301 1751 4358 2.
1774 4301 1803 4359 3.
1828 4294 1995 4379 5,1(bis).

467 4417 472 4452 ⁶
1242 4427 1245 4437 “
1329 4405 1524 4496 mmmm

421 4723 452 4790 ¹)
478 4720 549 4776 Vide
575 4717 733 4791 scriptoram
763 4719 873 4774 cnlimar
905 4733 965 4773 curn
991 4715 1147 4792 Escangelo
1218 4731 1313 4807 sarna.
1348 4719 1382 4772 Et
1399 4735 1496 4774 resera
1513 4739 1557 4772 rex
1574 4717 1675 4772 litteras
1702 4714 1773 4782 (Hc,
1794 4713 1894 4778 Waw,
1912 4711 1993 4780 Zela,

371 4827 554 4890 comparatam
570 4818 599 4870 in
620 4819 710 4872 tabida
727 4819 760 4872 ab
777 4815 925 4886 llnpinldio
944 4813 1093 4882 delineata,
1118 4815 1148 4870 in
1215 4817 1283 4882 Jod,
1305 4816 1425 4882 Lamed,
1453 4813 1557 4880 Resoh)
1581 4815 1618 4868 ita
1639 4813 1669 4865 in
1693 4810 1842 4882 simplicem
1869 4807 1994 4862 lineolam
2079 4821 2082 4829 ¹

258 4909 264 4926 ’
371 4915 608 4986 Enaldi'grsrnnr.
628 4915 699 4970 arab.
720 4915 755 4968 T.
769 4919 803 4968 ·1.
1217 4920 1365 4966 contractae
1391 4928 1451 4966 esse
1477 4910 1634 4964 monstrabit
1657 4909 1708 4960 tab.
1729 4917 1821 4960 nostra
1840 4905 1938 4975 qrriota.
1959 4935 1992 4948 -

423 5012 464 5078 ”l
489 5012 559 5066 Vide
578 5009 602 5077 b.
622 5009 665 5065 54.
699 5013 743 5064 De
761 5011 831 5079 Saoy
849 5010 882 5063 de
896 5007 938 5062 bis
955 5003 1051 5061 litteris
1065 5007 1148 5075 (apud
1218 5007 1288 5078 Quid
1305 5003 1396 5077 quodi
1422 5008 1489 5060 adeo
1509 5007 1615 5074 Alepb',
1641 5005 1729 5056 littera
1749 5020 1785 5056 ex
1804 5001 1894 5056 multis
1915 5001 1993 5056 lineis

374 5107 556 5174 ldioaaetunr,
572 5107 685 5162 hemaii
699 5109 747 5161 des
765 5107 895 5176 planches
911 5123 939 5175 p.
951 5103 983 5172 s)
1001 5103 1053 5157 ita:
1074 5108 1149 5157 Dans
1217 5103 1380 5172 composita,
1398 5102 1426 5156 ia
1446 5102 1577 5171 miptnra
1591 5100 1715 5156 Petobito
1732 5110 1760 5156 et
1776 5100 1874 5154 Nischi
1887 5100 1993 5154 tendent

374 5209 411 5256 les
428 5205 565 5271 mtdotttn,
583 5205 678 5274 inquit,
693 5209 817 5274 plusieurs
828 5211 913 5256 lettres
927 5205 1036 5255 reduites
1048 5197 1147 5271 presprt'
1217 5187 1246 5253 iit
1260 5217 1338 5252 una·
1352 5199 1450 5252 lineam
1464 5179 1711 5267 perpendicularem
1726 5198 1831 5264 recidit,
1846 5199 1917 5268 quod
1928 5211 1996 5266 quo·

372 5297 391 5352 d
408 5320 442 5353 aa
459 5303 512 5354 ml
525 5306 589 5354 trnit
607 5303 826 5370 perpendicutaire
848 5301 953 5369 perdent
970 5303 1036 5352 leurs
1053 5297 1150 5364 formes
1217 5296 1299 5350 modo
1322 5293 1420 5350 sensim
1441 5295 1540 5351 notun
1558 5297 1611 5366 tit,
1635 5296 1698 5352 vice
1715 5297 1785 5367 opud
1803 5299 1931 5364 chpirtm
1953 5293 1992 5358 ll,

374 5401 604 5468 caracteristipues,
629 5409 653 5450 et
676 5417 702 5451 se
728 5391 875 5461 cosimdrst
896 5402 933 5450 lu
956 5415 1016 5450 uass
1035 5401 1150 5452 acestes
1218 5412 1244 5464 p.
1261 5393 1321 5449 ³⁷7.

1561 5458 1613 5560 74
