4944 6302
489 647 567 722 460
1045 689 1048 698 .
1085 633 1310 704 trrnnotx
1338 635 1516 706 rnarta

490 833 611 899 Punieo
640 842 685 916 “po
714 829 814 914 (rex)
843 825 962 914 legitur
989 829 1024 892 ie
1046 824 1180 910 Libym'e
1200 827 1285 912 apud
1306 823 1493 913 Templinnr
1514 839 1547 892 et
1567 824 1817 916 lloneggerom,
1857 828 1919 913 *pho
1940 823 2110 914 legendnm

491 959 558 1026 eet,
595 964 691 1032 quum
722 943 801 1008 duaa
828 937 932 1004 tinen
962 953 1066 1006 reetur
1093 938 1223 1006 Laned
1249 961 1322 1006 eree
1344 961 1441 1026 eupra
1461 939 1648 1006 viderimus.
1692 941 1754 1026 'piru
1776 955 1884 1007 autent
1905 941 1989 1027 apud
2011 935 2111 1020 1.th-

492 1058 669 1123 l‘boenioee
689 1075 749 1142 pro
771 1054 836 1138 'tho
858 1052 978 1129 diotntn
998 1074 1089 1134 eane,
1111 1055 1190 1119 rotie
1211 1051 1367 1121 credibile
1388 1067 1456 1134 eet,
1481 1052 1520 1118 ol
1535 1051 1663 1120 Boelee
1684 1055 1706 1118 i.
1723 1077 1754 1141 q.
1775 1053 1927 1134 Motus,
1949 1049 2114 1120 Maelo.

492 1169 663 1236 Praeterea
682 1165 746 1232 boe
768 1186 863 1231 rerrn
890 1167 1124 1235 ooneiderunda
1150 1179 1229 1234 anot
1250 1167 1389 1252 ventigia
1407 1179 1557 1252 quattuor
1576 1164 1755 1236 btterarum
1782 1167 1999 1252 Libycarum,
2036 1183 2116 1250 quae

492 1282 705 1367 reapondeant
734 1281 856 1343 nomini
883 1268 1006 1378 Pn‘nioo
1034 1296 1120 1350 unua
1143 1276 1216 1358 vel,
1252 1291 1288 1343 nt
1309 1277 1393 1366 npnd
1414 1275 1600 1366 'l'emplium
1623 1291 1656 1343 et
1677 1277 1909 1367 Honeggerum
1931 1291 1999 1358 eat,
2025 1295 2116 1367 pauet.

492 1393 543 1460 lle
566 1393 681 1460 burum
701 1406 807 1457 entem
827 1393 1010 1479 integritate
1032 1391 1223 1470 subdubito,
1257 1393 1321 1456 niai
1342 1389 1425 1456 forte
1448 1393 1482 1456 in
1504 1389 1568 1456 boe
1586 1393 1717 1458 nomine
1734 1395 1864 1480 proprio
1882 1392 1969 1458 idem
1986 1391 2115 1468 aooidit,

494 1509 576 1594 quod
599 1509 633 1571 in
655 1525 749 1592 nupta
767 1521 829 1574 555
850 1503 909 1570 lin.
925 1511 964 1585 2,
992 1517 1029 1570 nt
1047 1505 1174 1590 Libyen
1193 1503 1323 1569 tanton
1344 1525 1408 1568 non
1431 1504 1472 1570 nd
1493 1503 1632 1570 litterum
1654 1507 1887 1591 respondeant,
1918 1505 1978 1572 aed
1999 1523 2115 1569 nomen

492 1618 622 1708 aliquod
658 1619 816 1704 Libyenm
848 1615 969 1682 Punieo
998 1637 1213 1702 synonymum
1250 1615 1436 1682 exhibeant.
1495 1615 1547 1682 Ad
1573 1615 1714 1684 litteram
1744 1631 1833 1684 oerte
1861 1621 1925 1684 ieta
1957 1615 2023 1683 eibi
2053 1637 2117 1680 non

494 1733 702 1820 reapondent:
729 1751 803 1796 narn
824 1727 931 1794 littere
952 1729 1074 1814 Libyca
1096 1743 1207 1816 quarta
1229 1743 1279 1796 eet
1300 1728 1406 1808 Beth,-
1436 1732 1549 1812 tertin,
1574 1753 1656 1818 quae
1677 1729 1761 1796 Betb
1784 1753 1857 1798 eene
1871 1727 2021 1808 debebat,
2042 1729 2117 1794 huie

493 1844 619 1910 litterae
641 1843 735 1931 plane
757 1839 922 1909 diaeimilie
944 1856 1011 1918 eet3
1034 1842 1175 1908 eeonnda
1191 1841 1263 1907 At'n
1283 1841 1445 1928 eene2nnn
1467 1856 1582 1928 petest,
1606 1843 1670 1910 nial
1690 1842 1773 1909 forte
1789 1865 1931 1940 ¹reponat
1958 1859 2056 1940 7³
2078 1847 2119 1910 de

419 1935 423 1940 Ι
497 1959 599 2044 prirna
621 1957 765 2022 iudicare
786 1976 850 2020 non
874 1975 1065 2040 potnerunt,
1094 1975 1191 2040 qnurn
1211 1951 1319 2040 Alepb
1341 1953 1467 2020 litterae
1491 1955 1597 2044 figure
1609 1955 1734 2042 Libyen
1751 1951 1860 2024 edbne
1880 1959 2054 2046 ignotaeit.
2074 1997 2116 2008 —

496 2067 533 2134 ln
554 2067 612 2134 lin.
633 2078 655 2134 t
678 2051 817 2156 legenda
838 2087 923 2132 noro
945 2065 1007 2132 boe
1028 2063 1215 2154 apographo
1238 2067 1319 2132 nibil
1341 2083 1498 2148 mutatur,
1530 2089 1633 2156 neque
1655 2067 1789 2136 multum
1809 2072 1845 2136 in
1867 2067 1924 2136 lin.
1948 2075 1990 2150 b,
2019 2093 2119 2160 quao-

497 2203 590 2268 quam
621 2185 654 2246 in
686 2180 748 2246 bae
781 2193 941 2266 poetrema
971 2201 1035 2244 vox
1064 2183 1170 2252 batn:
1201 2195 1270 2259 eet,
1310 2183 1442 2267 praevio
1465 2193 1583 2268 puncto
1606 2183 1792 2262 dirimente,
1822 2185 2050 2258 5555515555.
2077 2225 2117 2236 -

496 2293 570 2360 Lin.
586 2299 624 2373 6,
650 2314 732 2380 qnae
752 2290 834 2358 nibil
859 2295 920 2358 niti
942 2291 1135 2380 appellativa
1156 2295 1318 2373 eontinet,
1341 2291 1451 2380 plnree
1471 2314 1567 2360 voeea
1589 2291 1656 2382 legi
1678 2296 1806 2382 qnidam
1826 2311 1980 2384 poeeunt,
2011 2295 2118 2382 (velot

497 2404 609 2472 ultime
634 2409 735 2476 55555
764 2427 821 2491 pro
849 2403 1076 2474 tunteo'meb
1098 2407 1243 2492 putee),
1280 2427 1385 2494 neque
1407 2404 1578 2472 ebreorum
1600 2419 1650 2472 ert
1672 2409 1748 2494 qnid
1770 2407 1970 2495 eignifiuent:
2001 2407 2119 2476 nibilo-

498 2521 604 2584 minue
633 2521 673 2584 ud
702 2517 828 2606 plenam
859 2516 1107 2604 explicationem
1137 2522 1171 2582 in
1201 2532 1289 2584 tanta
1315 2517 1459 2604 Libyoae
1486 2517 1616 2606 linguae
1643 2518 1838 2586 obennritnte
1868 2521 1968 2588 multe
1989 2525 2117 2590 tuom:
2198 2529 2205 2548 '

499 2632 647 2720 idemque
669 2607 841 2698 dieerldutu
861 2643 912 2696 eet
933 2631 974 2696 de
996 2631 1127 2697 Vera?
1148 2633 1254 2696 initio.
1297 2629 1347 2696 De
1368 2629 1470 2698 altera
1487 2634 1559 2698 eine
1582 2645 1673 2718 parte
1693 2635 1759 2698 iarn
1779 2655 1880 2722 rupra
1898 2637 2017 2702 dietum
2039 2654 2097 2702 eet.

629 2793 675 2860 Ut
704 2793 806 2861 semel
832 2797 866 2860 in
896 2808 1068 2881 conspeetu
1097 2813 1270 2880 ponamus,
1310 2793 1386 2879 quid
1412 2745 1493 2860 ltlori
1515 2815 1558 2860 ex
1581 2815 1665 2860 noro
1687 2793 1749 2861 boe
1770 2795 1921 2884 exemplo
1943 2799 1984 2863 ed
2005 2797 2120 2865 melina

498 2905 741 2994 intelligendam
765 2907 849 2974 bano
869 2909 1108 2994 inscriptionem
1132 2907 1378 2984 redundaverit,
1401 2927 1472 2971 earn
1494 2909 1587 2993 (poet
1601 2907 1666 2973 tab.
1679 2909 1739 2994 ta)
1761 2909 1868 2975 denno
1889 2911 2119 2978 omoertbere

499 3033 550 3098 et,
588 3021 694 3108 quoad
722 3019 795 3084 fieri
825 3033 943 3105 potent,
978 3019 1242 3104 interpretatione
1269 3016 1471 3084 interlineari
1493 3017 1656 3086 illurtrare
1678 3019 1800 3108 planet·
1830 3023 1972 3090 Litterae
1993 3027 2119 3112 ignotae

502 3135 627 3218 punctio
647 3131 919 3222 significarimnr:
948 3145 1083 3220 pnnote,
1119 3129 1234 3216 qnibne
1255 3151 1353 3198 voneu
1373 3131 1582 3216 dirimuntur,
1618 3155 1751 3224 proreoe
1773 3137 1956 3202 omieimne:
2065 3159 2069 3168 ·

942 3279 964 3352 'l
1038 3283 1144 3336 ΜΨ
1214 3278 1236 3358 7
1301 3303 1342 3316 ·”·
1405 3305 1449 3316 -
1514 3307 1552 3322 ··
1618 3307 1661 3348 -·,

692 3394 697 3404 ·
832 3434 836 3447 ,
894 3373 901 3386 “
926 3379 963 3432 ll.
999 3378 1165 3448 Jopbienh'at
1198 3381 1235 3432 tit.

954 3505 1230 3582 5555555
1299 3527 1341 3538 -
1404 3529 1447 3542 -
1510 3535 1554 3546 -
1617 3533 1659 3546 -

938 3605 1094 3660 Atonooer
1110 3605 1147 3658 bl.
1181 3622 1239 3660 reru
1308 3633 1343 3646 -
1623 3639 1658 3654 -

985 3717 1047 3802 ‘tho
1114 3727 1135 3804 'p
1199 3733 1308 3804 neunt
1371 3729 1392 3804 7
1457 3735 1566 3786 5...
1633 3735 1654 3812 ¹5

971 3829 1043 3902 regie
1095 3831 1131 3883 fil.
1167 3829 1390 3901 Jopltieolt'atlil·
1615 3834 1652 3890 fit.

1316 3945 1430 4016 huon:
1496 3959 1519 4034 r
1581 3949 1656 4017 555

1297 4055 1440 4114 emon
1487 4059 1524 4114 nn
1559 4061 1677 4136 talogi.

999 4193 1202 4264 55555
1308 4197 1375 4266 bur
1482 4213 1546 4276 *nrt
1652 4219 1770 4288 nne:

950 4303 1078 4376 rapientia
1096 4307 1241 4362 memoriae
1279 4325 1389 4366 moeror
1480 4321 1539 4366 eret
1573 4330 1655 4383 55555
1673 4325 1824 4372 moremtnr

751 4423 938 4492 55555
1025 4423 1085 4494 555
1170 4428 1212 4496 55
1297 4431 1397 4496 bon
1485 4435 1600 4502 mab
1686 4435 1769 4505 5555

709 4547 739 4590 nt
755 4537 853 4594 aldana
872 4537 965 4590 nante
995 4539 1107 4618 unnul-
1130 4555 1225 4596 omnen
1252 4541 1299 4612 qui
1314 4541 1433 4610 portarit
1473 4561 1538 4614 pree
1553 4547 1619 4601 ede·
1658 4547 1787 4620 principle

830 4622 878 4658 eae
988 4615 1108 4661 oatronee
1497 4621 1587 4668 menie

620 4740 674 4790 *uu
760 4735 782 4807 'r
867 4739 920 4788 55
1006 4726 1067 4794 555
1152 4741 1174 4818 't
1258 4749 1323 4798 ren
1408 4767 1769 4784 ----

610 4837 678 4892 Bebi
746 4837 784 4890 lll.
818 4833 968 4906 Cipipeneie
996 4841 1072 4894 Bulel
1132 4841 1170 4895 fit.
1223 4841 1330 4899 ePboa
1363 4843 1441 4914 (boo
1452 4849 1603 4916 repuleram
1616 4848 1732 4918 potitum
1747 4852 1817 4915 eet).

627 4967 678 5034 Ad
707 4963 911 5052 alphabetum
942 4983 1084 5036 nortrnm
1114 4969 1271 5057 Libycum
1298 4973 1386 5054 (tub.
1410 4977 1472 5060 ¹9)
1501 4976 1583 5042 dnae
1610 4973 1737 5044 litterae
1759 4979 1924 5047 addendae
1945 4997 2033 5046 nont:
2070 4991 2108 5062 Θ

499 5080 604 5160 Bell,
634 5097 666 5146 et
685 5079 713 5168 ΙΙ
737 5083 760 5145 i.
783 5077 1002 5168 51155555.

477 5233 481 5241 '
627 5223 775 5292 Ceterum
798 5225 1013 5318 llonegperue
1026 5231 1141 5298 eodem
1154 5230 1245 5313 loeo,
1267 5255 1330 5320 quo
1342 5237 1583 5323 ineoriptionetn
1600 5235 1805 5308 Numidioorn
1819 5255 1967 5307 ootararn
1980 5242 2114 5318 inuenit,

498 5341 517 5402 i.
540 5359 568 5402 e.
592 5339 625 5402 in
648 5359 731 5424 pago
753 5335 885 5406 Clrallik
907 5343 957 5426 (p.
976 5344 1057 5426 tta)
1079 5345 1252 5412 noandum
1274 5349 1432 5432 quendam
1445 5352 1686 5436 ineoriptiouetn
1699 5351 1857 5438 Libycum
1870 5355 1988 5440 reperit
1999 5349 2115 5418 litteris
