4992 6292
562 699 624 767 DE
647 697 853 768 LITTERIS
874 698 1142 800 PHOENlCllS.
1183 705 1213 782 9.
1234 705 1284 770 37.
1312 701 1373 768 DE
1394 699 1532 770 NOTIS
1554 701 1797 783 SlGLlSQUE.
1945 709 1995 786 53

491 889 596 955 Caura
610 901 716 955 autam
731 887 909 954 litterarum
924 894 971 955 itu
983 889 1153 977 ligatorum
1169 893 1284 976 partim
1301 891 1333 954 iu
1350 891 1486 977 quodam
1498 895 1721 957 otatuariorum
1736 891 1808 958 loon
1823 892 1991 981 studioque

370 999 598 1090 calligraphiuo
628 1003 730 1087 magia
762 1022 855 1087 quam
881 1001 1129 1091 tauhygraphioo
1155 1005 1326 1087 partimin
1354 1005 1448 1088 spatii
1471 1006 1629 1091 augustiis
1650 1007 1832 1090 quaerenda
1855 1006 1991 1070 videtur.

369 1113 420 1181 Ad
436 1112 696 1201 tuohygrnphinm
707 1133 790 1177 uero
808 1119 966 1201 pertinere
979 1117 1127 1182 videntur
1145 1112 1240 1180 huius
1255 1117 1383 1201 generis
1397 1114 1555 1202 ligaturae
1567 1121 1602 1182 in
1619 1115 1799 1183 Numidicis
1813 1118 1939 1198 obviae,
1959 1133 1994 1184 ut

267 1313 271 1324 ·
390 1211 583 1457 K:
738 1209 784 1462 ll
815 1283 1618 1373 filiuoNumid.1,3otopp.4,2(ol.4‚i).
1742 1367 1744 1374 Ι

497 1472 649 1540 Ceterum
678 1471 848 1540 nonnullus
876 1471 1017 1560 figuras,
1057 1491 1134 1556 quar
1162 1491 1204 1534 ex
1231 1463 1377 1556 pluribus
1398 1468 1515 1557 ligatas
1544 1491 1616 1534 ease
1643 1481 1807 1551 mutuant,
1844 1473 1993 1557 equidem

367 1585 529 1674 simplices
551 1585 671 1651 hahere
692 1586 801 1652 malim
823 1587 867 1672 (v.
889 1587 929 1650 ad
950 1582 1014 1648 Cit.
1038 1589 1077 1663 8,
1099 1585 1149 1670 4):
1179 1604 1406 1669 nonnunquam
1436 1585 1531 1647 etium
1559 1585 1592 1647 iu
1621 1582 1813 1669 apographis
1836 1586 1994 1652 eiusmodi

367 1697 542 1764 litterarum
559 1702 718 1786 connexio
735 1702 909 1786 reperitur,
935 1697 990 1762 uhi
1015 1699 1048 1761 in
1073 1711 1278 1761 monumento
1299 1699 1371 1781 ipso
1392 1693 1481 1760 nulla
1503 1707 1570 1773 ent,
1596 1693 1683 1759 velut
1704 1693 1808 1760 Melia
1833 1704 1863 1777 1,
1887 1695 1943 1762 lin.
1960 1707 1993 1778 4,

329 1799 332 1805 ’
367 1810 424 1878 ubi
444 1809 570 1876 litterae
592 1828 626 1878 :u
649 1815 683 1876 in
706 1811 901 1900 apographis
923 1807 1161 1893 Barthelemyi,
1191 1808 1385 1887 Swintonia,
1414 1805 1531 1891 Bayeri
1553 1827 1719 1872 connexae
1741 1823 1831 1888 suut,
1861 1813 1895 1875 in
1922 1814 1992 1897 ipro

367 1937 575 1990 monumento
595 1945 659 1989 non
681 1939 766 1989 aunt.

539 2037 714 2116 „Litterae
736 2039 820 2102 iuter
839 2057 874 2100 oe
897 2055 1062 2100 connexae
1084 2032 1138 2098 hio
1155 2031 1223 2098 illio
1237 2034 1333 2098 etiam
1348 2034 1381 2097 iu
1397 2033 1556 2116 scriptura
1571 2027 1766 2098 Graecorum
1790 2033 1835 2120 (v.
1852 2037 1992 2101 maxime

453 2164 758 2236 „monogrammata
772 2149 1023 2230 numismatum),
1049 2145 1276 2225 Romanorum,
1298 2145 1508 2210 Etruscorum
1524 2147 1570 2225 (v.
1587 2144 1713 2210 Panaeti
1726 2145 1841 2211 Museo
1856 2147 1993 2213 Etrurou

453 2307 476 2342 „
485 2261 527 2328 T.
542 2260 600 2328 ΙΙΙ.
621 2283 651 2347 p.
670 2267 722 2327 87.
743 2262 846 2326 Leuci
866 2261 986 2346 Saggio
1009 2269 1040 2340 1,
1062 2283 1090 2346 p.
1111 2259 1205 2346 220),
1226 2258 1457 2324 Arumaeorum
1479 2261 1512 2321 iu
1534 2256 1682 2344 Aegypto
1702 2260 1746 2341 (v.
1767 2259 1882 2346 fragm.
1897 2257 1994 2326 Turi·

452 2396 603 2455 ‚,oenue,
632 2373 714 2460 apud
744 2395 803 2439 noa
825 2397 878 2438 no.
901 2375 974 2458 73),
1004 2375 1149 2459 adeoque
1176 2374 1210 2437 io
1233 2371 1324 2436 codd.
1346 2367 1496 2435 hebraeis
1518 2373 1673 2456 scripturn
1694 2372 1847 2458 quadrata
1867 2374 1993 2458 uoriptio

454 2485 601 2568 „obviae
622 2500 697 2552 aunt
722 2487 773 2572 (v.
796 2485 875 2551 Kall
896 2488 936 2551 de
959 2487 1049 2552 eodd.
1073 2484 1163 2550 hebr.
1187 2507 1217 2570 p.
1241 2484 1311 2567 15).
1355 2481 1600 2568 Frequentioreo
1620 2485 1715 2548 etiam
1738 2483 1773 2549 hi
1794 2505 1897 2550 nexuu
1919 2499 1994 2550 aunt

456 2603 521 2681 „in
544 2597 761 2684 Palmyreoio,
783 2620 962 2686 quanquam
987 2620 1052 2664 nou
1074 2600 1107 2662 in
1130 2595 1516 2661 omnibuumnuumentio
1542 2596 1588 2678 (ς.
1613 2600 1674 2676 53,
1697 2597 1745 2680 2).
1789 2595 1935 2664 Tandem
1958 2600 1991 2664 io

453 2715 640 2799 „scriptura
661 2711 744 2796 Syra
764 2715 960 2792 recentiore,
984 2709 1072 2776 velut
1093 2705 1303 2795 Eutrungelo,
1333 2709 1368 2771 in
1389 2705 1527 2786 Zabida,
1549 2707 1713 2788 Peoohito‚
1741 2706 1857 2776 Niuuhi
1877 2713 1906 2777 ai
1927 2731 1991 2775 non

453 2846 616 2906 „omneo‚
639 2839 726 2890 certe
746 2823 917 2912 plerusque
938 2822 1063 2890 litteren
1085 2827 1170 2888 inter
1190 2844 1227 2888 oo
1249 2834 1377 2886 uertere
1400 2827 1677 2887 consueverunt.“

1132 2979 1238 3056 §.3⁷.

892 3113 963 3182 De
1004 3118 1149 3178 notis
1191 3111 1467 3197 rigidoque.

497 3250 619 3316 Pnuonu
646 3251 799 3338 quandam
831 3266 925 3318 notar
953 3251 1131 3340 rigidoque,
1162 3248 1252 3316 velut
1282 3265 1333 3320 nm
1368 3252 1403 3315 in
1431 3250 1537 3314 numia
1566 3246 1828 3316 Maratheooihua
1857 3249 1992 3339 aliisque

369 3364 565 3431 Phoenicium
594 3365 741 3444 incertis,
771 3367 804 3428 in
832 3367 991 3450 scriptura
1020 3363 1218 3430 Phoenicum
1246 3366 1312 3429 inm
1341 3365 1396 3430 diu
1425 3375 1628 3450 agnoverunt
1656 3361 1899 3452 Palaeogruphi.
1950 3363 1994 3430 At

368 3477 469 3544 multo
497 3475 595 3541 latius
625 3490 712 3563 potet
740 3475 820 3541 haee
842 3497 905 3562 per
934 3478 1123 3562 compendia
1151 3476 1314 3542 onrihendi
1343 3477 1558 3555 consuetudo,
1591 3495 1672 3562 quae
1701 3479 1786 3562 apud
1814 3476 1993 3544 Phoenicen

368 3590 453 3656 hand
476 3587 575 3654 multo
597 3591 702 3654 minua
723 3609 817 3676 quam
838 3589 924 3675 'apud
941 3586 1082 3652 Gnaeum
1098 3601 1131 3652 et
1146 3586 1306 3655 Romanoa
1328 3591 1469 3676 viguiuae
1488 3589 1630 3665 videtur,
1661 3588 1817 3676 nohioque
1838 3593 1871 3656 io
1892 3589 1993 3656 titulis

370 3701 514 3769 ohouuria
544 3700 691 3789 legendis
720 3701 802 3767 nihil
831 3703 946 3766 maiori
975 3703 1049 3764 uani
1077 3701 1138 3766 luit
1166 3713 1198 3764 et
1226 3700 1428 3778 adiumento,
1461 3720 1555 3785 quum
1584 3699 1685 3766 semel
1712 3699 1889 3782 observata
1912 3700 1993 3766 haee

371 3816 557 3902 compendia
578 3835 608 3878 v.
631 3838 658 3880 c.
680 3835 700 3880 o
721 3837 782 3903 pro
803 3827 888 3904 'pozo
915 3835 1028 3880 rerum
1049 3815 1167 3880 iurari.
1192 3833 1221 3876 e.
1244 3831 1317 3898 ego.

496 3927 594 3992 Plura
622 3942 727 3994 autem
755 3942 830 3994 aunt
859 3911 1149 3992 hurnm'notarum
1180 3945 1310 4012 genera
1353 3922 1459 4008 Atque
1488 3923 1521 3986 in
1550 3921 1710 4010 plerisque
1732 3922 1860 4008 quidem
1885 3921 1994 3988 littora

370 4038 505 4108 initialia
520 4060 578 4124 pro
592 4043 718 4127 integro
731 4039 888 4108 venabulo
903 4042 1042 4127 ponitur,
1057 4053 1091 4103 ut
1104 4057 1124 4104 o
1139 4060 1199 4125 pro
1215 4050 1317 4124 75:93
1339 4039 1372 4101 in
1388 4033 1471 4114 nliir,
1492 4035 1549 4100 aed
1566 4036 1682 4114 rarior,
1705 4034 1787 4100 duae
1801 4033 1993 4102 adhibentur

368 4159 495 4226 litterae
515 4152 666 4231 initiales,
687 4167 724 4218 ut
744 4170 782 4238 γι
804 4175 862 4239 pro
883 4169 967 4233 urar,
988 4150 1041 4216 vel
1055 4149 1189 4216 initinlio
1205 4172 1277 4216 eum
1299 4147 1401 4228 finali,
1424 4163 1460 4214 ut
1478 4165 1527 4216 unt
1542 4169 1601 4234 pro
1616 4165 1680 4216 num
1701 4147 1824 4236 (anno).
1868 4148 1992 4215 Passim

369 4276 468 4338 etium
489 4271 571 4336 done
592 4282 698 4334 tresve
719 4265 844 4332 litterae
865 4267 997 4332 totidem
1018 4267 1146 4350 integro
1158 4260 1316 4330 rambula
1331 4260 1550 4349 significanter
1566 4275 1814 4348 componuntur,
1839 4275 1874 4328 ut
1891 4279 1934 4328 en
1948 4291 1992 4322 =

370 4387 430 4458 nir
460 4386 545 4470 uhu,
584 4401 665 4468 quoe
700 4378 828 4464 quidem
863 4380 945 4444 ratio
980 4380 1014 4444 iu
1045 4378 1243 4462 oompendiia
1280 4373 1500 4440 Rahbinnrum
1531 4391 1628 4444 urhun
1657 4393 1744 4447 mnu
1773 4376 1866 4440 dictio
1894 4371 1993 4460 louge

369 4497 626 4585 frequentissima
641 4505 703 4558 ert.
751 4489 788 4556 lu
804 4510 869 4556 uno
884 4486 1031 4574 exemplo
1048 4490 1084 4568 (u
1098 4511 1156 4575 pro
1171 4491 1253 4575 niu)
1268 4491 1364 4554 etiam
1379 4485 1485 4554 finalia
1498 4485 1605 4554 littera
1620 4511 1676 4576 pro
1691 4492 1817 4575 integro
1833 4483 1991 4552 vocabulo
2029 4523 2032 4530 ν

370 4613 516 4698 punitur,
539 4622 575 4672 ut
599 4605 682 4692 opud
702 4602 847 4682 Arabon,
869 4623 899 4666 v.
913 4623 941 4668 e.
961 4619 982 4669 o
1001 4605 1130 4688 promlp
1153 4600 1246 4680 urbo,
1269 4619 1283 4668 t
1304 4622 1362 4686 pro
1384 4615 1446 4701 ῳ
1468 4605 1573 4684 vinno,
1600 4638 1624 4712 ξ
1652 4623 1709 4687 pro
1731 4625 1823 4708 eos
1846 4597 1947 4664 loono.

492 4744 545 4808 Eu
573 4743 711 4807 indicem
738 4738 935 4818 litterarum,
968 4733 1050 4823 uuae
1070 4739 1267 4822 integrorum
1288 4735 1515 4802 vocabulorum
1537 4750 1631 4802 notae
1656 4733 1709 4798 vel
1737 4748 1811 4799 aunt
1831 4731 1890 4816 gvel
1918 4753 1990 4800 eme

370 4858 533 4923 videntur:

497 4967 789 5057 ltpropnnlupo‘r
811 4963 933 5044 Citii,
957 4969 986 5028 i.

499 5101 604 5168 npro
626 5097 677 5150 on
699 5081 776 5160 (vir)
796 5097 827 5140 ι.
849 5095 916 5145 roa.
1003 5055 1007 5068 ¹

418 5207 421 5220 ·
497 5211 562 5263 eutr
584 5193 722 5259 iortuuoe
744 5211 801 5276 pru
823 5193 969 5261 northman
995 5189 1098 5274 (puter
1119 5186 1330 5272 Superorum)
1353 5208 1385 5251 n.
1408 5207 1456 5270 pr.
1479 5181 1540 5248 Cit.
1563 5189 1601 5264 5,
1622 5192 1651 5252 2.

496 5325 551 5378 *ott
573 5329 631 5395 pru
654 5325 703 5373 ouo
724 5317 809 5394 *pour
831 5325 881 5375 ron
905 5311 958 5372 nir
979 5323 1092 5370 rerum
1113 5309 1188 5367 laur
1200 5299 1317 5379 ferrar
1340 5301 1360 5364 i.
1375 5321 1403 5366 a.
1427 5319 1488 5386 ego
1512 5300 1563 5364 vir
1583 5311 1687 5364 aetate
1708 5297 1813 5367 feoouo
1831 5323 1857 5366 o.
1875 5319 1987 5366 annox.

371 5419 434 5488 Cir.
456 5426 515 5502 3³,
539 5427 569 5488 3.
592 5428 631 5500 4,
654 5419 709 5486 uhi
729 5419 812 5484 vide.
