5004 6306
353 647 701 722 esaunorfloen.
715 649 778 718 ut·
792 649 960 720 SPUlilA.
979 648 1350 720 mvn-nm.
1364 649 1521 722 CYREN.
1540 651 1601 722 ΕΤ
1612 651 1886 755 amamur.
1908 655 1985 734 247

1082 837 1261 906 Lxxvrt.
1324 897 1326 907 ,

485 989 522 1057 ln
552 993 730 1078 scripturae
753 988 947 1056 Pboenieiae
969 995 1186 1058 monumentis
1207 993 1369 1060 recenseri
1391 995 1488 1060 etiam
1515 991 1620 1060 uolent
1640 991 1813 1076 nonnulla,
1842 1017 1922 1081 quae
1941 997 1983 1062 ad

358 1111 616 1192 antiquissimam
639 1105 782 1170 Persice
803 1111 1000 1189 scripturos·
1020 1107 1195 1190 pertinent,
1222 1105 1263 1170 de
1283 1127 1345 1194 qna
1367 1129 1466 1193 sopra
1488 1107 1628 1172 diximus
1642 1104 1701 1171 lib.
1718 1114 1734 1172 1
1751 1110 1781 1186 ς.
1796 1111 1847 1173 eo.
1876 1105 1913 1172 la
1929 1105 1982 1172 bis

356 1231 432 1283 sunt
453 1229 579 1303 praeter
602 1237 716 1282 numos
738 1231 880 1281 veterum
903 1216 1073 1282 Persarum
1095 1229 1128 1281 et
1149 1205 1249 1283 Asiae
1272 1221 1474 1302 minorisss.
1491 1223 1544 1298 50,
1566 1241 1618 1284 no.
1637 1220 1665 1283 1.
1682 1225 1713 1283 2.
1728 1221 1771 1304 4)
1793 1225 1983 1305 sirscn'pis'o·

357 1350 415 1395 nes
436 1331 591 1415 quaedam
612 1331 646 1392 in
669 1326 822 1394 lateribus
843 1326 1032 1414 Babyloniis
1052 1343 1210 1416 repertae.
1255 1330 1307 1396 Da
1328 1331 1451 1396 duabus
1470 1331 1654 1396 huiusmodi
1676 1331 1878 1420 epigraphis,
1900 1349 1984 1420 quun

332 1455 523 1508 ·ctmeatam
559 1443 750 1526 scripturam
782 1443 873 1505 iuxta
912 1462 948 1505 sa
978 1440 1098 1508 habeut
1124 1457 1156 1507 et
1186 1464 1289 1530 neque
1318 1442 1513 1510 Phoenicius
1541 1465 1645 1532 neque
1674 1443 1894 1529 Babylonicae
1924 1445 1983 1509 uetl

356 1553 506 1618 Persicae
526 1566 602 1617 sunt
622 1551 711 1640 (tab.
734 1557 770 1617 31
797 1573 850 1616 no.
871 1553 1051 1634 Lxxvss,
1077 1577 1107 1621 a.
1124 1577 1175 1620 aa.
1193 1553 1257 1635 b),
1286 1559 1350 1622 iarn
1371 1557 1513 1622 diximus
1530 1555 1553 1622 l.
1567 1579 1594 1620 c.
1614 1579 1644 1643 p.
1660 1562 1703 1625 ⁷4
1724 1577 1792 1643 sqq.
1837 1555 1982 1620 'l'ertiam

357 1665 535 1752 quendam,
574 1685 667 1752 qnam
686 1679 774 1751 'post
794 1665 967 1752 Hagerrrst
996 1667 1048 1752 (v.
1070 1665 1229 1753 Kluprotb
1253 1671 1344 1732 asiat.
1372 1667 1526 1756 Maganiu
1554 1668 1616 1735 tab.
1637 1669 1677 1753 4)
1715 1667 1862 1756 Koppiua
1896 1668 1984 1734 dedit

357 1777 496 1863 (Bilder
522 1778 590 1842 und
613 1775 706 1843 Scir.
727 1776 760 1842 ll
785 1779 917 1864 p.152)
945 1784 978 1844 ei
1005 1777 1446 1864 Babylonico-Phoenicium
1469 1793 1596 1862 censet,
1632 1779 1753 1846 ibidem
1776 1783 1982 1869 repetivimus

357 1890 443 1980 (tab.
458 1895 510 1967 32,
532 1912 584 1956 no.
599 1889 776 1970 LXXVll,
793 1891 829 1981 p)
851 1911 890 1954 eo
912 1889 984 1956 solo
1007 1890 1160 1970 consilio,
1194 1905 1229 1956 ut
1245 1890 1464 1979 intelligerent
1481 1893 1674 1959 Phoeniciae
1689 1897 1864 1980 scripturae
1877 1895 1981 1981 gnari,

357 2024 396 2067 ea
418 2005 513 2090 signa
530 2004 570 2067 ad
593 2002 655 2068 boc
676 2001 875 2069 litteraturae
899 2025 1001 2090 genus
1022 2003 1136 2070 referri
1157 2025 1221 2070 non
1244 2025 1350 2092 posse.

955 2209 1141 2276 Lxxvttt
1166 2225 1200 2276 et
1220 2211 1383 2278 LXXIX.

365 2339 785 2463 'cYnssNArcA
827 2343 912 2412 nt*
949 2343 1348 2414 ATLANTICA
1392 2343 1948 2416 INSCRIPTIONES.
2040 2414 2050 2440 x

486 2519 516 2578 1.
562 2511 736 2601 Utriusque
757 2513 853 2580 buius
877 2518 1074 2580 monumenti
1097 2515 1137 2581 ab
1162 2517 1277 2582 iisdem
1299 2517 1484 2584 bominibus
1500 2521 1656 2607 suppositi
1668 2518 1836 2585 historiam
1848 2519 1980 2584 iunctim

359 2641 390 2692 et
403 2627 555 2690 continua
566 2630 651 2692 serie
668 2649 799 2694 narrare
819 2625 935 2715 placet,
952 2651 1015 2716 quo
1031 2627 1159 2695 facilius
1173 2633 1357 2717 certiusque
1368 2634 1413 2697 uit
1428 2633 1582 2696 iudicium
1596 2634 1636 2697 de
1652 2653 1727 2698 veru
1743 2653 1852 2696 aarum
1868 2645 1982 2694 natura

357 2738 548 2804 iaciendum.
590 2739 675 2805 Ante
698 2739 757 2806 bos
779 2741 878 2828 igitur
899 2741 1066 2806 duodecim
1081 2764 1183 2808 annos
1199 2746 1335 2828 primurn
1353 2741 1467 2810 Melita
1483 2743 1625 2810 Parisios
1641 2745 1790 2822 missum,
1814 2743 1890 2808 inde
1904 2763 1982 2807 mex

358 2873 429 2916 eum
459 2849 596 2916 aliarum
626 2865 783 2918 terrarum
812 2854 914 2920 doctis
946 2852 1130 2920 bominibus
1160 2859 1428 2922 conemuuieatum
1457 2871 1506 2922 eet
1538 2855 1754 2945 apographum
1786 2859 1985 2922 monumenti

359 2961 518 3051 bilinguis
538 2964 869 3052 Phoenicio-graeci
886 2969 920 3031 in
943 2968 1108 3052 parietinis
1130 2965 1348 3050 Cyrenarum,
1381 2980 1417 3034 ut
1438 2967 1622 3049 ferebatur,
1651 2971 1769 3054 reperti
1790 2982 1825 3034 et
1847 2965 1981 3034 Melitae

357 3079 475 3142 servati
510 3077 594 3164 apud
628 3091 825 3164 geometram
861 3079 1019 3167 quendam
1054 3077 1226 3145 militarem
1262 3079 1449 3163 Gallicum,
1491 3085 1543 3148 cui
1578 3081 1635 3170 (ut
1667 3093 1781 3170 postea
1815 3082 1980 3163 innotuit)

359 3187 547 3275 Grongneto
570 3209 686 3252 nomen
711 3201 796 3268 erat,
827 3211 869 3254 ex
892 3211 932 3254 eo
954 3193 1067 3256 ordine
1091 3193 1144 3256 cui
1165 3193 1206 3257 de
1227 3195 1359 3280 iugenio
1382 3217 1499 3261 nomeu
1521 3196 1675 3276 inditum,
1698 3195 1789 3260 cuius
1810 3192 1891 3258 baec
1912 3191 1981 3256 iere

358 3303 440 3366 ratio
469 3313 519 3366 eut
554 3301 663 3386 (piget
691 3303 778 3364 enim
805 3299 1004 3380 adulterino,
1040 3316 1075 3368 ut
1096 3326 1174 3370 mox
1195 3306 1396 3387 videbimus,
1435 3308 1503 3373 ictu
1531 3323 1673 3374 nostram
1701 3320 2001 3374 monumentorum

359 3409 580 3478 collectionem
603 3413 851 3498 contaminare).
895 3411 1000 3499 Supra
1020 3430 1096 3480 sunt
1118 3413 1312 3482 Phoenicius
1334 3417 1459 3484 litterae
1482 3417 1638 3508 quinque,
1667 3443 1746 3507 quas
1767 3420 1807 3484 de
1822 3419 1982 3484 sententia

358 3527 498 3591 aectoris
514 3535 603 3624 ttu'trq
618 3523 747 3592 Jelreua
760 3523 914 3614 legendas
936 3548 1026 3606 esee,
1050 3549 1091 3592 ex
1113 3525 1291 3594 litterarum
1313 3529 1424 3596 tabula
1444 3531 1682 3612 intelleximus,
1705 3554 1786 3618 quae
1799 3529 1981 3596 Atlantioae

357 3641 558 3726 inscriptioni
579 3640 687 3704 addita
709 3653 768 3732 est.
813 3637 897 3704 'l'um
920 3662 1032 3706 currus
1054 3637 1157 3704 alatus
1181 3639 1374 3708 draconibus
1396 3645 1523 3708 iunctus
1539 3644 1662 3710 duabus
1677 3645 1780 3709 taedis
1794 3640 1981 3708 ardentibus

359 3753 505 3830 insertis,
533 3753 568 3816 iu
590 3753 718 3818 modurn
740 3753 916 3839 insignium
937 3751 1177 3818 Eleusiniarum
1199 3755 1268 3818 sive
1291 3751 1492 3832 Cerealium
1514 3756 1575 3822 sub
1597 3779 1692 3822 curra
1713 3753 1832 3844 legitur
1846 3772 1979 3842 graece:

359 4023 453 4078 quarm
470 4007 608 4071 otientur,
627 4006 694 4060 169³
709 4003 981 4075 inveteresepnlcre
994 4007 1134 4064 Melitensi
1203 4010 1306 4060 litsrm
1326 4019 1384 4060 sant
1405 4010 1572 4078 moniciae,
1604 4009 1668 4064 lieet
1684 4017 1739 4062 tres
1765 4010 1812 4064 vel
1831 4016 1980 4078 questuosa

358 4112 491 4174 repertam
502 4111 563 4172 post
576 4104 650 4154 Λιιτ.
667 4103 856 4156 Buarronruss
875 4103 968 4172 (epist.
985 4105 1133 4159 memorab.
1202 4105 1289 4158 ferrus
1305 4105 1411 4178 vulgari
1426 4106 1586 4161 recedant.“
1621 4105 1727 4160 Utinam
1740 4105 1786 4160 vis
1799 4107 1867 4160 tter.
1886 4113 1980 4160 osteu-

359 4201 472 4264 Vohiv
483 4199 582 4270 pili)
602 4199 814 4252 dederuatAste
827 4203 979 4253 eruditorem
991 4206 1134 4270 Lipsiensis
1203 4202 1301 4282 disset,
1326 4203 1374 4256 ubi
1393 4212 1531 4273 praeterea
1549 4202 1701 4258 huiusmodi
1720 4202 1825 4256 litterae
1843 4203 1980 4256 iamenu·

359 4297 422 4352 anai
437 4298 504 4352 1695
521 4314 547 4364 p.
557 4295 610 4363 48,
628 4295 800 4360 Moatsearoa
814 4295 842 4348 in
854 4297 984 4367 Asttqairi
1003 4299 1135 4369 exptiqsie
1202 4300 1299 4354 mentis
1310 4317 1377 4356 rere
1393 4299 1548 4354 Phoeniciis
1564 4287 1760 4370 comparerent,
1778 4309 1806 4354 et
1819 4317 1872 4370 qus
1885 4283 1981 4353 sueto

359 4393 457 4451 venti
473 4393 543 4446 litat
558 4395 635 4459 atii,
654 4402 682 4447 et
700 4397 823 4447 cenatas
838 4393 892 4446 he.
908 4397 1005 4462 pilii),
1024 4403 1052 4448 et
1067 4409 1136 4448 cou-
1203 4395 1281 4450 ritate
1311 4405 1479 4452 monstrosae
1508 4397 1570 4452 iliae
1601 4397 1702 4470 ligtuae
1737 4395 1789 4465 ita,
1823 4405 1854 4450 ut
1883 4395 1916 4449 nh
1945 4411 1980 4448 eo

359 4499 401 4544 tre
419 4491 684 4558 Moateiuiconiam,
708 4489 754 4559 qui
772 4488 966 4562 Aegyptiacum
988 4490 1016 4542 id
1038 4505 1135 4544 meua·
1203 4494 1319 4558 iactum,
1346 4494 1476 4564 explicari
1493 4502 1613 4564 possent.
1649 4493 1779 4564 Equidem
1796 4493 1897 4553 luteos,
1916 4490 1980 4544 iite-

359 4597 477 4646 nteaiutn
492 4589 637 4655 mahat,
660 4585 821 4642 Phoenicius
839 4587 980 4640 vindicare
997 4588 1056 4642 vote
1068 4588 1134 4640 Bai·
1202 4607 1291 4643 nrum
1312 4591 1410 4662 ligares
1427 4591 1492 4645 mihi
1511 4591 1664 4666 incognitas
1682 4609 1744 4646 esua
1770 4598 1798 4643 et
1818 4586 1979 4642 Phoenicius

359 4687 514 4740 lestussum
538 4684 633 4753 (inser.
654 4685 754 4753 pheca
776 4700 837 4758 pag.
861 4682 928 4751 tt),
956 4683 1000 4737 his
1023 4684 1133 4738 verbis:
1203 4689 1279 4742 nulio
1305 4690 1388 4742 modo
1412 4687 1517 4756 sideri,
1553 4689 1605 4742 uisi
1630 4690 1703 4742 iente
1730 4701 1909 4757 quaecunque
1925 4684 1980 4757 lagi

359 4783 470 4856 „Quarta
481 4784 572 4852 plures
584 4780 713 4853 imag-ineu
725 4790 753 4835 et
764 4781 865 4854 figurae
877 4797 908 4839 e.
917 4797 956 4851 gr.
970 4779 1058 4849 pisces
1071 4797 1135 4853 gra·
1202 4792 1339 4852 nequeunt
1369 4785 1515 4840 Phoeniciu
1548 4785 1684 4854 appellare
1718 4780 1864 4852 piscuariis
1896 4780 1980 4836 totius

359 4879 463 4935 dientes
473 4875 621 4952 (Dagon),
637 4877 692 4933 siri
707 4879 812 4932 cerami
824 4877 958 4946 (Moloch
971 4877 1136 4932 etbdiicorsi
1201 4889 1290 4935 antam
1302 4881 1468 4934 monumenti
1481 4882 1560 4936 fidem
1574 4881 1640 4934 aedri
1652 4881 1733 4936 vaide
1746 4886 1895 4948 suspectam
1908 4881 1978 4934 essa

359 4974 546 5043 urendam),
570 4975 685 5031 iuvenes
698 4975 758 5029 uiatl
774 4981 802 5028 et
818 4974 846 5028 ie
861 4974 962 5043 piscem
978 4973 1132 5028 desinentes
1253 4978 1488 5044 Psadepisesaior'is
1504 4977 1589 5031 etism
1607 4977 1820 5030 annumerandas
1841 4991 1901 5030 esea
1920 4977 1978 5046 epi·

358 5072 500 5144 <negaris
524 5069 638 5126 mosa·
658 5068 842 5140 sacerdotes),
877 5087 931 5126 neo
961 5087 1018 5125 non
1044 5073 1134 5124 maes
1199 5071 1316 5145 graphas
1334 5075 1462 5142 maedam
1481 5073 1662 5162 sliiehpbrio
1680 5088 1766 5143 prope
1783 5074 1930 5128 Lernaeam
1948 5072 1978 5128 in

358 5172 509 5224 numidae
525 5169 656 5242 originem
669 5168 843 5225 Phoenicium
855 5167 990 5237 indicent,
1013 5185 1079 5238 quas
1096 5169 1132 5222 oh
1201 5168 1294 5240 Cypro
1316 5168 1405 5226 insuia
1429 5178 1566 5241 repertam
1604 5169 1658 5226 iarn
1675 5187 1756 5242 supra
1773 5159 1978 5228 usmaitau

357 5283 453 5323 cumas
463 5265 692 5321 idonteislcouius
711 5269 988 5339 beelmonunrentum
1005 5267 1132 5340 Aegypto
1200 5283 1227 5337 p.
1248 5267 1308 5322 123.
1327 5265 1388 5322 124.

357 5383 437 5436 quem
448 5363 610 5420 Phoenicius
621 5364 757 5438 assignare
774 5363 907 5434 maluerit,
924 5380 980 5420 noa
993 5379 1130 5435 assequor.
1206 5371 1208 5375 ’
