4992 6292
547 629 883 700 mscmrnouns
903 624 1226 700 summumne.
1269 628 1312 737 ι.
1334 608 1634 700 Annemnus'm
1656 629 1805 698 ιιιιιιι.
1916 633 1988 710 113

1159 814 1202 881 V.

746 947 1296 1022 ATHENIENSIS
1354 951 1613 1019 PRIMA.

501 1143 530 1201 1.
572 1133 816 1201 Monumentum
849 1129 1027 1221 sepulcrale
1056 1131 1283 1197 nitidissimum
1314 1153 1358 1198 ex
1385 1153 1545 1198 marmore
1574 1131 1738 1198 Pentelico
1766 1135 1987 1221 fabrefactum,

372 1250 424 1315 oui
444 1247 499 1314 hio
520 1245 631 1314 titulus
651 1246 804 1333 bilinguis
825 1249 995 1331 inscriptus
1017 1258 1082 1323 est,
1110 1265 1229 1330 paucos
1252 1267 1353 1310 annos
1375 1258 1449 1310 ante
1475 1251 1558 1311 1797
1579 1246 1612 1309 in
1627 1243 1747 1311 oliveto
1763 1249 1847 1312 inter
1861 1255 1989 1316 moenia

372 1359 571 1426 Athenarum
597 1337 629 1424 et
648 1359 856 1424 Academiam
878 1345 1051 1437 effossum',
1086 1354 1164 1420 olim
1184 1378 1283 1443 penes
1304 1353 1500 1423 Fauuelt'usr
1527 1360 1680 1443 pictorem
1702 1357 1831 1424 Gallum
1852 1360 1989 1428 Athenis
2097 1371 2100 1381 “

372 1473 541 1560 degentem
567 1484 652 1550 erat,
686 1483 797 1556 postes
814 1472 849 1535 in
874 1469 1056 1535 Cloiseuls's'
1075 1467 1281 1549 collectione,
1319 1473 1461 1535 nuncin
1490 1468 1606 1535 Museo
1638 1492 1744 1535 rerum
1766 1471 1927 1538 navalium
1956 1491 1988 1539 et

373 1584 557 1650 militarium
576 1582 778 1650 Londinensi
801 1581 973 1667 (Militare
993 1582 1061 1647 und
1081 1583 1184 1646 nauel
1196 1581 1358 1661 Marcum,
1380 1582 1512 1647 Mtddle
1525 1579 1686 1647 Scotinod
1705 1583 1807 1663 Yord,
1827 1585 1986 1672 London)

373 1711 572 1776 asservatur,
602 1696 754 1760 donatum
776 1715 796 1758 a
815 1694 908 1778 Lady
932 1693 1037 1778 Grey,
1064 1693 1218 1780 praefecti
1240 1693 1365 1759 navalis
1385 1695 1490 1759 viduo.
1532 1691 1647 1759 Totius
1667 1700 1875 1776 monumenti,
1898 1701 1989 1764 cuius

373 1822 559 1875 ornamenta
580 1810 615 1872 in
635 1805 769 1873 antefixi
788 1808 917 1873 modum
939 1805 1024 1870 fucta
1045 1803 1285 1893 elegantissima
1305 1819 1379 1872 sunt
1401 1819 1433 1870 et
1453 1827 1595 1872 summae
1616 1809 1826 1893 integritatis,
1848 1808 1990 1876 delinen-

372 1922 493 1986 tionem
521 1941 541 1984 e
569 1941 605 1986 ιι
633 1942 718 1985 anno
742 1925 823 1986 1797
854 1919 990 1984 Athenis
1012 1918 1130 1984 iactam
1152 1939 1286 2006 eamque
1307 1922 1384 1984 satis
1403 1918 1502 1984 fidam
1524 1916 1671 1983 exhibuit
1691 1919 1933 1985 Annennrnrus
1953 1925 1988 1987 in

376 2032 601 2099 Commestctt.
623 2029 747 2098 Soce'et.
774 2032 926 2118 Gotting.
956 2028 1136 2098 Vol.le
1160 2054 1193 2118 p.
1213 2037 1292 2112 227,
1330 2053 1424 2118 quam
1454 2033 1579 2117 repetiit
1601 2029 1755 2097 Dodwell
1773 2037 1806 2096 in
1832 2033 1993 2102 Classical

373 2145 442 2210 ond
470 2144 725 2234 topogroplieol
751 2155 826 2210 tour
857 2143 999 2230 through
1031 2143 1157 2208 Greeee
1177 2141 1203 2222 Ι,
1233 2166 1266 2231 p.
1287 2151 1360 2210 411.
1392 2155 1425 2209 et
1449 2146 1551 2222 ‚Onon
1577 2137 1718 2208 Brec‘in
1740 2144 1854 2210 Multo
1876 2153 1989 2215 catice

373 2259 560 2323 illustrantia
588 2281 616 2344 p.
641 2262 693 2324 95.
736 2255 841 2322 Tituli
868 2255 1035 2321 Phoenicii
1063 2257 1149 2320 idem
1183 2257 1247 2320 duo
1275 2258 1363 2321 dedit
1387 2255 1553 2343 exempla,
1585 2253 1720 2320 alterum
1750 2260 1870 2337 maius,
1906 2261 1990 2346 quod

372 2372 500 2456 repetiit
519 2369 701 2436 Boeckdr'ur
721 2373 754 2435 in
772 2369 867 2456 Corp.
882 2377 981 2434 inser.
996 2391 1048 2456 gr.
1062 2365 1102 2432 Τ.
1116 2366 1132 2431 Ι
1146 2391 1176 2454 p.
1191 2373 1271 2447 527,
1294 2367 1429 2434 alterum
1445 2372 1552 2434 minus
1567 2371 1662 2456 idque
1676 2371 1782 2434 minus
1795 2384 1988 2451 accuratum,

342 2471 345 2474 ¹
373 2482 459 2569 qnod
487 2495 717 2570 expresserunt
744 2479 894 2547 Dodwell
921 2480 946 2547 l.
965 2503 993 2545 c.
1023 2480 1126 2566 Kopp
1155 2479 1274 2546 Bs'lder
1300 2481 1368 2546 aud
1389 2479 1562 2561 detrectes
1591 2481 1625 2560 l,
1656 2503 1688 2566 p.
1711 2485 1784 2546 266.
1827 2483 1933 2548 Etiam
1954 2487 1989 2548 in

373 2597 496 2659 maiore
517 2615 607 2675 esse,
635 2595 723 2681 ¹quod
746 2595 932 2674 desideres,
957 2595 1098 2658 maxime
1120 2595 1153 2656 in
1175 2591 1299 2658 duabus
1320 2596 1429 2678 magni
1448 2596 1604 2658 momenti
1622 2592 1758 2672 litteris,
1791 2597 1934 2680 inspecto
1957 2611 1990 2662 et
2012 2639 2016 2644 -

374 2704 544 2793 diligenter
572 2710 757 2772 examinato
785 2705 893 2792 lapide
920 2706 1079 2791 comperi.-
1115 2725 1231 2770 novem
1251 2719 1420 2792 propterea
1447 2705 1587 2770 exhibeo
1612 2704 1878 2785 delineationem,
1909 2728 1989 2792 quae

373 2837 481 2884 serem
512 2816 691 2885 litterarum
725 2819 981 2906 magnitudinem
1017 2819 1175 2896 imitetur,
1213 2818 1297 2882 unde
1325 2815 1507 2905 intelligent
1539 2816 1693 2897 lectores,
1735 2815 1856 2882 nullam
1888 2819 1989 2884 fuisse
2035 2819 2039 2834 ’

373 2951 536 3012 caussam,
568 2931 653 3019 quod
680 2929 897 2997 Akerbladius
926 2929 1049 2996 litteras
1080 2929 1270 2994 Phoenicius
1298 2933 1439 2996 minutes
1463 2928 1638 3018 appellaret
1668 2930 1768 2995 etad
1795 2927 1989 2996 Graecarum

371 3039 550 3109 litterarum
571 3041 763 3130 elegantiam
786 3065 851 3109 uon
872 3043 1072 3109 accedentes.

501 3181 650 3248 Ceterum
674 3184 760 3246 idem
789 3185 850 3248 iste
878 3185 1002 3268 primus
1031 3179 1116 3247 tituli
1146 3181 1250 3268 editor
1279 3203 1352 3246 euru
1382 3183 1437 3254 ita,
1460 3182 1685 3269 interpretatus
1713 3195 1763 3248 est
1789 3177 1989 3267 (Commeat.
2047 3221 2050 3230 ·

373 3291 517 3381 Gottiugi
539 3293 563 3359 l.
587 3315 615 3362 c.
644 3315 677 3378 p.
697 3297 892 3357 226-228.
921 3293 1023 3380 Epist.
1045 3294 1085 3359 ad
1107 3293 1274 3374 ltalinslr.‚
1312 3315 1343 3358 v.
1366 3293 1407 3359 ad
1430 3294 1566 3379 noti),
1603 3309 1638 3361 ut
1660 3297 1860 3359 etiamnunc
1883 3294 1988 3358 denuo

372 3409 516 3493 inspecto
537 3404 643 3492 lapide
664 3426 729 3469 non
747 3407 908 3490 possimus
920 3385 988 3470 'non
1001 3408 1079 3469 ei'in
1094 3403 1254 3494 plerisque
1270 3409 1432 3472 assentiri.
1474 3407 1552 3472 Post
1565 3429 1638 3472 eum
1652 3407 1734 3472 hanc
1749 3409 1989 3492 inscriptionem

372 3519 426 3584 vel
446 3530 622 3583 tractarunt
644 3515 697 3581 vel
718 3519 827 3603 paucis
849 3519 1021 3603 attigerunt
1045 3518 1081 3581 0.
1099 3517 1139 3581 G.
1160 3518 1304 3602 Tycham
1318 3523 1352 3584 in
1369 3520 1468 3584 Actis
1481 3518 1587 3585 Nove
1608 3519 1718 3605 Upsul.
1734 3517 1798 3582 Vll
1818 3541 1848 3604 p.
1863 3524 1904 3584 96
1921 3539 1988 3605 sqq.

372 3629 486 3720 Kopp.
500 3629 523 3698 l.
539 3654 567 3696 c.
581 3631 719 3697 Homul.
734 3634 766 3695 in
782 3627 928 3696 diotrille
944 3650 973 3714 p.
991 3635 1021 3691 4.
1037 3633 1088 3692 20.
1106 3633 1158 3707 68,
1182 3651 1302 3717 noeque
1316 3631 1378 3714 ipsi
1391 3633 1597 3696 tractavimus
1613 3633 1698 3716 apud
1714 3630 1907 3696 Boecklo'um
1922 3629 1945 3694 l.
1961 3651 1989 3695 c.

498 3778 529 3837 2.
572 3769 744 3857 Inscriptio
764 3772 891 3858 integra
908 3771 956 3833 ita
976 3765 1114 3854 legenda
1136 3781 1204 3832 est:

850 3929 895 4032 pu
925 3905 1115 4008 uenturi
1146 3928 1252 4004 oms
1282 3926 1364 4002 mo
1395 3927 1514 4000 nuso

1020 4069 1146 4148 amn
1177 4069 1360 4146 illium

503 4231 646 4330 (lippos
670 4226 876 4301 ntcmom'ue
897 4227 1001 4300 intes·
1024 4227 1128 4300 uiuos
1150 4227 1257 4300 Aba·
1272 4224 1431 4300 divnitho
1458 4223 1743 4323 (Artemidoro)
1768 4227 1852 4310 filio

790 4353 1114 4429 Ate-schemeses
1140 4355 1385 4454 (Heliodori)
1415 4355 1581 4429 Sidonio.

501 4555 580 4610 ιιιιιιι
603 4555 672 4611 ιιι
694 4538 811 4621 noun)
841 4536 914 4606 Nou
937 4561 1037 4624 parva
1058 4535 1227 4604 difficultas
1248 4539 1332 4602 inest
1353 4540 1386 4602 in
1410 4536 1709 4618 altero=vocabulo,·
1731 4537 1815 4624 quod
1830 4535 1988 4602 Akerbla·

373 4655 462 4732 dius,
497 4651 645 4738 Koppius
668 4651 709 4716 al.
731 4650 883 4738 legebant
913 4669 974 4725 sut
1003 4657 1173 4728 memoria,
1210 4649 1414 4716 Hamakems
1435 4647 1458 4715 l.
1480 4672 1507 4716 c.
1532 4666 1598 4722 suu
1628 4651 1737 4714 itidem
1766 4654 1919 4713 memorio
1946 4669 1988 4714 ex

373 4765 596 4844 Aramaismo,
619 4762 820 4848 'l'ychsenins
842 4778 953 4849 contra
976 4781 1043 4850 sup
1067 4765 1263 4848 sepulcrum,
1292 4764 1325 4826 in
1346 4782 1441 4848 quam
1456 4764 1646 4826 sententiam
1660 4765 1729 4847 ipse
1744 4781 1785 4824 ex
1799 4759 1988 4826 Akerlrladii

373 4877 586 4944 delineatione
600 4877 746 4962 iudicans
760 4875 912 4942 inclinavi
924 4877 1009 4963 apud
1022 4874 1222 4939 Boeelrhium
1235 4872 1294 4938 l.c.
1325 4873 1388 4938 Sed
1403 4876 1545 4960 inspecto
1559 4871 1664 4958 lapide
1680 4870 1772 4934 aliter
1787 4875 1988 4938 statuendum

375 5005 435 5056 ιιι.
479 4991 628 5056 Secunda
649 4992 735 5056 eninr
756 4987 863 5054 littera
886 4988 1055 5054 manifesto
1078 5001 1126 5052 est
1152 4985 1259 5070 Capit,
1289 4999 1322 5048 et
1344 4983 1432 5050 nullo
1455 4985 1549 5048 modo
1566 4983 1648 5050 Betlr
1671 5005 1741 5048 esse
1764 4997 1882 5070 potest,
1905 4987 1989 5072 quod

374 5101 528 5190 peculiari
563 5125 622 5168 sua
652 5103 756 5168 forma
790 5105 958 5190 quinquies
986 5104 1019 5166 in
1049 5099 1110 5164 hac
1138 5100 1345 5182 inscriptione
1378 5110 1549 5182 comparet.
1599 5096 1706 5162 Prima
1738 5095 1818 5162 milri
1850 5095 1988 5184 lapidem

374 5217 573 5282 examinanti
593 5213 728 5280 multuni
750 5218 871 5302 negotii
893 5215 978 5280 iecit.
1020 5211 1069 5278 lbi
1085 5213 1182 5290 enim,
1203 5209 1260 5274 ubi
1276 5209 1356 5274 haec
1372 5207 1479 5274 littera
1494 5211 1596 5274 ineisa
1608 5221 1675 5284 ιιι,
1696 5207 1816 5296 duplex
1834 5213 1987 5297 quaedam

373 5351 456 5396 uene
478 5343 527 5396 est
548 5331 581 5394 in
604 5325 728 5414 lapide,
757 5351 819 5414 qua
840 5329 1007 5406 effeemm,
1038 5339 1073 5390 ut
1094 5325 1207 5390 duetus
1229 5320 1304 5407 styli
1327 5343 1387 5408 ope
1409 5321 1486 5388 facti
1503 5343 1598 5410 aegre
1615 5323 1835 5390 discernantur
1853 5345 1872 5389 a
1889 5344 1988 5389 venae

620 5446 623 5462 '
1569 5447 1607 5507 16
