5016 6294
345 649 349 659 ’
490 623 706 701 tetsclttet'.
727 626 1184 698 comeo-Numerone.
1227 623 1348 700 Lvttt.
1371 628 1595 704 NUMlDlCA
1617 631 1835 702 SECUNDA.
1897 642 1972 716 203

376 855 380 862 -
478 833 538 907 tm
559 817 746 903 senonen)
773 816 932 888 Vorentis
954 839 1070 890 uomett
1083 833 1142 888 ‚est
1160 821 1342 912 benacan,
1365 842 1429 886 noo
1446 823 1620 899 trenaee,
1648 835 1682 886 ut
1698 845 1798 908 nuper
1809 819 1969 911 legerem:

351 943 464 1018 quarto
484 933 571 996 enim
593 929 702 996 littera
724 952 787 996 oon
810 943 914 1016 potest
937 951 1003 994 non
1025 928 1128 996 Scdr'u
1149 953 1232 1000 esse.
1275 933 1549 1000 Pronuntiaudum
1571 932 1649 1000 illud
1665 937 1827 1027 bestius-tp
1840 945 1973 1024 raptent

349 1043 488 1122 Rama,
527 1057 560 1108 et
588 1038 747 1108 variaru'rn
776 1043 950 1108 formarunt
980 1064 1045 1108 una
1065 1057 1133 1124 est,
1150 1065 1246 1130 ¹quae
1268 1068 1288 1117 a
1310 1045 1464 1112 Romanis
1486 1047 1664 1132 promiscue
1685 1023 1973 1131 pronuntiabantur

350 1156 528 1242 Hiempsal
543 1157 697 1240 (huenen
721 1153 850 1220 Numid.
876 1159 906 1234 t,
930 1162 968 1234 2,
997 1156 1112 1226 barsan
1135 1154 1264 1222 Numid.
1288 1164 1320 1236 3,
1344 1164 1381 1238 3,
1419 1161 1529 1228 besan
1552 1173 1652 1224 nostr.
1675 1157 1734 1224 lin.
1758 1166 1794 1240 3,
1831 1164 1971 1234 hanaen

350 1267 480 1334 Numid.
503 1274 535 1348 3,
559 1277 590 1334 2.
611 1276 651 1349 3,
679 1272 817 1338 hanaen
839 1265 969 1336 Numid.
992 1277 1014 1332 4
1034 1266 1165 1352 tin.2):
1198 1290 1378 1356 quanquam
1397 1271 1480 1358 apud
1502 1274 1590 1357 ipsos
1611 1252 1769 1338 Numidas
1792 1272 1847 1340 alii
1867 1275 1972 1364 reguli

350 1379 428 1462 hac,
458 1380 513 1446 alii
535 1379 591 1446 itta
615 1384 753 1448 nominis
776 1381 880 1452 forma
901 1382 1046 1466 insigniti
1067 1381 1167 1446 luisse
1189 1383 1355 1462 videntur,
1385 1385 1651 1469 quemadmodum
1671 1387 1757 1472 apud
1776 1409 1834 1452 noe
1848 1409 1971 1469 eorum,

349 1496 402 1582 qui
442 1493 572 1560 Ioannis
609 1515 806 1580 praenomen
836 1507 972 1579 gerunt,
1000 1491 1066 1562 ¹alii
1099 1492 1161 1560 bec
1192 1509 1376 1562 constanter
1403 1494 1499 1581 plene
1529 1495 1714 1577 dodonaeo,
1753 1496 1809 1564 alii
1842 1499 1972 1566 brevius

347 1606 499 1688 dobosa,
530 1605 585 1670 alii
604 1619 766 1672 contracte
788 1605 904 1683 Herm
936 1605 1018 1692 apud
1036 1603 1163 1672 Arabes
1183 1605 1239 1672 elii
1261 1626 1395 1712 (px,
1427 1607 1481 1672 alii
1507 1613 1619 1701 ³⁹:³2
1645 1607 1702 1674 alii
1723 1627 1824 1714 σε),
1851 1613 1970 1683 demin.

348 1735 543 1852 &aselii
568 1759 705 1845 denique
727 1783 817 1864 ἄρῃ
840 1755 1048 1844 appellantur.
1079 1793 1121 1807 -
1165 1733 1248 1824 'l'res
1270 1757 1413 1839 litterae,
1452 1783 1531 1846 quae
1556 1782 1671 1824 nomen
1699 1765 1860 1847 proprium
1883 1769 1988 1850 errei-¹

348 1879 459 1964 piunt,
490 1881 522 1942 in
546 1880 723 1942 exercitatt.
747 1901 777 1964 p.
801 1883 844 1942 96
864 1875 1007 1963 legeram
1038 1873 1073 1966 μ’
1097 1873 1137 1943 ‘ta
1187 1877 1256 1942 lam
1287 1877 1368 1941 nihil
1396 1879 1508 1944 dubito
1538 1902 1593 1944 aas
1626 1877 1781 1965 legendas
1811 1905 1882 1948 esse
1910 1904 1970 1971 patr

349 1992 454 2084 (tia)
485 2005 516 2055 et
545 1989 743 2076 Hiempsalis
772 1989 898 2054 titulum
923 2009 1011 2072 esse,
1046 1995 1099 2076 qui
1123 1987 1242 2054 Nrunid
1277 1991 1442 2077 tnpleniua
1465 1996 1628 2079 expositus
1650 1992 1702 2057 bic
1723 2009 1807 2061 erat:
1911 2015 1969 2090 37&

280 2121 283 2130 “
349 2107 483 2176 cnecon.

381 2279 383 2286 '
474 2252 582 2370 beben
606 2268 661 2354 qn)
697 2268 760 2331 duo
789 2269 882 2353 signa
904 2289 1005 2353 paene
1028 2267 1183 2348 evanida,
1217 2287 1298 2354 quae
1320 2281 1465 2333 extrema
1485 2266 1571 2332 linea
1594 2283 1795 2356 comparent,
1825 2273 1970 2342 Hohlea·

347 2382 479 2474 heigius
500 2402 593 2444 veras
615 2378 738 2458 litteras
758 2401 830 2444 esse
853 2383 908 2445 vix
926 2393 1032 2466 putat:
1064 2380 1144 2445 mihi
1167 2402 1206 2444 ea
1227 2395 1263 2468 3³
1285 2378 1422 2466 legenda
1444 2403 1515 2444 esse
1539 2383 1687 2447 videntur
1713 2385 1851 2476 (cilio.
1874 2395 1904 2452 2.
1928 2391 1968 2474 3)

284 2587 285 2590 ¹
348 2515 445 2581 quum
465 2491 630 2579 probabile
652 2513 716 2556 non
738 2494 800 2570 sit,
829 2490 893 2556 hoc
914 2514 1025 2556 versus
1048 2495 1186 2578 spatium
1209 2514 1344 2556 vacuum
1367 2493 1513 2557 relictum
1535 2515 1617 2558 esse.
1662 2495 1712 2560 De
1732 2496 1969 2587 Hohlenbergii

217 2646 222 2660 ι
347 2609 506 2672 sententia
527 2607 721 2691 praecedens
744 2604 935 2670 venabulum
957 2603 1129 2690 legendum
1152 2619 1240 2674 esset
1261 2621 1296 2694 q:
1318 2603 1352 2672 'tt
1375 2608 1397 2668 i.
1419 2627 1448 2672 e.
1478 2621 1513 2694 q:
1538 2624 1615 2692 rm:
1646 2610 1702 2672 red
1726 2611 1781 2672 vix
1803 2611 1968 2694 credibile,

347 2723 534 2786 statuarium
557 2735 617 2804 rm
640 2739 696 2803 per
718 2718 940 2804 compendium
964 2720 1131 2804 scripsisse
1154 2732 1188 2782 et
1208 2715 1315 2803 paullo
1337 2732 1409 2804 post
1430 2721 1565 2805 spatium
1582 2715 1967 2810 vecuum'reliquisser-

346 2829 475 2898 Nomen
502 2835 601 2919 patris
631 2834 739 2902 brana
769 2833 941 2918 pronuntio
969 2833 1077 2918 begeat-p
1108 2844 1139 2894 et
1169 2852 1212 2894 ex
1235 2832 1367 2926 hastam}
1390 2845 1586 2896 contractum
1608 2854 1680 2900 esse
1702 2855 1829 2900 censeo.
1872 2836 1969 2904 Hunc

344 2947 483 3014 ¹eundern
513 2967 585 3010 esse
613 2959 708 3030 atque
737 2947 873 3014 bentona
896 2943 1027 3010 Numid.
1052 2951 1081 3023 1,
1107 2951 1126 3008 2
1156 2965 1198 3008 ex
1221 2964 1261 3006 eo
1283 2957 1430 3030 apparet,
1466 2945 1549 3030 quod
1573 2959 1704 3031 uterque
1725 2961 1848 3032 patrem
1871 2948 1970 3016 babet

346 3061 470 3132 hesma
504 3079 531 3124 s.
553 3059 698 3128 §aarum
729 3061 750 3121 i.
775 3079 804 3122 e.
834 3060 1015 3144 Micipsam.
1069 3057 1162 3133 Quod
1194 3077 1271 3120 vero
1293 3075 1351 3144 qm
1372 3060 1536 3126 beatiano
1560 3044 1736 3144 Hiempsal
1756 3059 1967 3147 (Numidiae)

344 3172 509 3240 Dominus
536 3184 678 3234 nostrae.
692 3171 913 3253 inscriptionis
943 3169 1121 3256 appellatur
1150 3168 1274 3251 „filim
1295 3169 1515 3257 Hiempsalis,
1537 3171 1617 3250 filii
1636 3170 1802 3260 Micipsae
1812 3179 1833 3212 ‘¹
1864 3195 1906 3240 ex
1929 3159 1968 3240 eb

347 3286 455 3350 dirirai
483 3295 586 3368 potest
613 3282 766 3368 quaedam
796 3282 937 3344 virorum
959 3282 1123 3348 doctorum
1152 3284 1186 3346 in
1215 3296 1383 3348 stemmate
1410 3281 1585 3350 Numidiae
1607 3305 1719 3371 regum
1747 3289 1968 3354 constituendo

348 3397 578 3462 controversia.
620 3391 749 3456 Etenim
772 3391 951 3456 dubitatum
974 3407 1039 3471 est,
1069 3407 1172 3458 utrum
1195 3395 1363 3482 Hiempsal
1384 3396 1434 3476 Il,
1466 3397 1565 3462 lubae
1587 3381 1676 3481 pater
1701 3396 1784 3481 (Dio
1808 3397 1898 3464 Cass.
1914 3407 1968 3480 45,

347 3511 426 3594 41),
456 3505 652 3594 Hiempsalis
670 3505 686 3570 Ι
706 3503 793 3570 filius
818 3503 931 3580 fuerit,
955 3525 996 3568 an
1019 3503 1101 3568 alius
1126 3499 1281 3592 quis'piarn
1304 3530 1348 3572 ex
1371 3511 1461 3594 regia
1483 3508 1784 3594 Masinissaegente
1800 3514 1965 3578 oriundus.

348 3623 525 3688 Posteriori
555 3621 732 3684 sententiae
754 3615 1012 3702 subscripserunt
1040 3613 1133 3681 Rein.
1156 3617 1347 3683 Reinecoius
1368 3621 1402 3682 in
1424 3617 1497 3682 hist.
1519 3617 1607 3687 Julia
1628 3617 1669 3684 T.
1687 3618 1742 3683 ΙΙΙ.
1762 3645 1792 3706 p.
1814 3628 1877 3687 340
1897 3646 1967 3711 sqq.

347 3735 488 3823 Sponius
508 3737 541 3798 in
564 3731 699 3798 Nlisoell.
721 3732 809 3796 erud.
831 3731 950 3816 antiqu.
976 3753 1005 3816 p.
1030 3734 1108 3822 147,
1139 3745 1285 3795 auctores
1308 3729 1410 3810 „hist
1435 3729 1659 3794 universalis“
1687 3729 1727 3794 Τ.
1747 3731 1832 3798 XVI
1854 3757 1883 3820 p.
1907 3740 1968 3801 170

347 3847 388 3912 al.
412 3861 623 3935 provocantes
639 3847 933 3946 adinscriptioqem
948 3841 1080 3908 latinam
1095 3844 1129 3906 in
1147 3864 1225 3930 agro
1244 3840 1511 3930 Carthaginensi,
1534 3857 1569 3906 ut
1585 3840 1764 3928 perhibent,
1786 3847 1966 3942 inventam:

231 3943 240 3954 ⁶
345 3982 427 4027 naor
449 3959 570 4039 luein,
594 3979 691 4022 neore
712 3957 814 4024 luera
837 3979 951 4036 rruro,
981 3975 1078 4020 ancus
1093 3953 1303 4020 Hraursnnrs
1329 3979 1359 4020 a.
1383 3954 1549 4042 (nepoti),
1571 3975 1647 4020 aso.
1664 3953 1748 4020 Gau.
1771 3955 1822 4040 (1)
1844 3977 1968 4022 reona-

347 4097 440 4154 rom,
469 4071 674 4138 Masmrsnu
697 4093 862 4136 tenacem
885 4082 944 4136 oet.
988 4068 1051 4134 Sed
1074 4090 1138 4134 nou
1160 4065 1265 4133 solum
1288 4068 1453 4134 authentia
1479 4067 1567 4136 illius
1587 4069 1821 4154 inscriptionis,
1849 4071 1883 4136 io
1906 4093 1968 4162 qua

346 4187 505 4275 Micipsae
535 4187 733 4250 desideratur
760 4163 899 4262 mentio,
932 4185 1046 4248 merito
1073 4198 1219 4270 suspecta
1241 4195 1290 4248 est
1321 4185 1368 4268 (v.
1386 4182 1474 4269 Scip.
1497 4161 1609 4246 Mafiei
1633 4179 1709 4248 Ant.
1734 4179 1817 4246 Gall.
1840 4204 1873 4269 p.
1894 4189 1968 4250 407.

346 4299 486 4366 Hamalr.
507 4295 645 4364 Miscell.
661 4301 722 4360 243
739 4299 844 4384 sqq),
867 4297 924 4360 sed
939 4297 1124 4360 universum
1140 4287 1275 4360 stemma
1290 4317 1309 4359 a
1326 4297 1403 4359 viris
1416 4296 1516 4359 doctis
1532 4317 1611 4382 quos
1627 4295 1722 4362 modo
1737 4293 1866 4362 laudavi
1879 4319 1968 4364 oom-

346 4418 485 4500 positum
500 4409 591 4497 plura
603 4412 744 4474 continet
759 4411 863 4473 minus
878 4407 1041 4494 probanda
1055 4410 1066 4492 (
1075 4430 1103 4476 v.
1118 4407 1258 4472 Hemalr.
1273 4408 1302 4473 l.'
1313 4406 1379 4492 a),
1402 4423 1496 4496 atque
1510 4430 1594 4472 nunc
1606 4409 1823 4492 inscriptionis
1838 4424 1966 4474 nostrae

348 4529 521 4592 auctoritas
548 4525 581 4588 id
611 4523 747 4600 evincit,
787 4521 869 4608 quod
906 4519 961 4584 alii
999 4521 1119 4584 dudum
1149 4525 1300 4608 suspicati
1332 4535 1442 4601 eraut,
1477 4517 1698 4606 Hiempsalem
1730 4518 1780 4598 ll,
1816 4522 1867 4584 cui
1896 4534 1968 4606 post

347 4637 520 4726 Iugurthae
543 4651 679 4701 mortem
703 4632 875 4700 Numidiae
897 4635 1065 4718 imperium
1081 4656 1100 4696 n
1115 4631 1269 4722 Romanis
1286 4637 1436 4700 traditum
1451 4647 1511 4710 est,
1530 4629 1727 4719 Hiempsalis
1745 4629 1761 4700 Ι
1778 4629 1968 4720 alugurtha

347 4754 446 4816 occisi
466 4749 570 4816 filium
590 4749 702 4814 luisse.

474 4893 634 4976 thraseae
659 4885 715 4979 qa)
740 4889 775 4950 in
800 4887 929 4950 nomine
952 4887 1083 4972 proprio
1105 4883 1212 4970 plures
1235 4900 1307 4954 sunt
1326 4886 1470 4964 litterae,
1499 4889 1533 4950 in
1556 4883 1671 4971 quibus
1692 4883 1810 4972 aliquis
1831 4883 1965 4952 haerere

347 5005 459 5090 possit.
488 4999 523 5069 ln
539 5001 591 5070 his
605 5015 654 5066 est
669 5004 785 5079 tertie,
803 5019 896 5086 quarn
912 5013 1018 5065 tamen
1034 4995 1136 5066 Solia
1151 5019 1222 5064 esse
1236 4997 1332 5064 facilc
1346 4999 1556 5076 consentient,
1575 5000 1629 5084 qui
1642 5000 1865 5084 cogitaverint,
1882 4997 1966 5066 banc

236 5201 238 5205 ι
342 5113 485 5204 ¹ligurem
499 5115 628 5182 eaedem
644 5116 808 5179 continere
823 5111 925 5176 lineas
940 5125 1034 5198 atque
1049 5109 1147 5176 Sabin
1162 5109 1221 5200 lin.
1240 5119 1255 5176 t
1274 5125 1306 5176 et
1321 5119 1352 5192 2,
1375 5111 1431 5176 sed
1446 5131 1530 5174 nunc
1545 5110 1675 5195 quidem
1689 5114 1734 5174 ita
1748 5089 1868 5196 pictam
1883 5134 1964 5192 ease,
1994 5099 1999 5108 ’

349 5242 385 5293 ut
405 5249 504 5292 corun
526 5250 568 5293 ex
586 5226 681 5292 dorso
706 5226 908 5292 dextrorsum
933 5245 1123 5290 excrescens
1147 5245 1218 5288 corn
1240 5227 1408 5311 superiore
1426 5221 1550 5286 litterae
1569 5225 1703 5312 partein
1718 5245 1817 5288 unum
1836 5226 1965 5292 ductum

350 5342 484 5406 coiverit
505 5339 562 5424 (ni.
592 5344 618 5420 1.
639 5347 694 5420 32,
724 5361 775 5404 no.
803 5343 871 5424 16).
915 5335 1071 5414 erarturu
1093 5340 1221 5425 signum
1240 5341 1343 5426 primo
1366 5336 1483 5420 obtutu
1505 5335 1611 5402 cerret
1637 5357 1709 5404 esse
1732 5339 1873 5418 ridetur,
1902 5360 1964 5426 qao

1509 5461 1554 5532 26
1577 5459 1591 5492 *
