4922 6300
814 613 932 713 num
954 641 1112 712 66666.
1156 645 1231 712 vn.
1253 645 1438 714 rxnsus.
1864 647 1939 720 277

317 833 530 912 Phoeniciae,
564 833 603 897 de
627 831 742 919 quibas
764 833 858 898 16166.
903 835 955 900 Ex
979 834 1129 922 exemplo
1151 835 1298 900 Parisino
1320 857 1369 922 ap.
1392 835 1550 900 Mionnet.
1572 832 1594 898 l.
1616 855 1643 898 c.
1663 855 1694 918 p.
1717 838 1778 898 668
1805 837 1938 899 nadib

316 967 451 1034 quocum
481 967 538 1032 per
568 949 675 1010 omnia
705 949 854 1012 convenit
885 947 946 1013 boc
968 949 1052 1034 quod
1075 969 1117 1012 ex
1139 948 1264 1013 Incisae
1286 949 1422 1015 Abbatis
1445 945 1692 1032 oumopbylacic
1714 946 1802 1010 dedit
1823 945 1937 1028 Amad.

317 1058 441 1142 Peyron
463 1057 485 1122 l.
504 1079 532 1122 6.
575 1057 612 1122 16
636 1058 827 1146 epigraphes
850 1059 1066 1126 delineatione
1088 1082 1138 1146 ap.
1159 1061 1361 1126 Mionnetom
1382 1061 1504 1126 161622
1528 1051 1579 1125 66,
1602 1065 1642 1125 36
1665 1058 1772 1123 1111666
1793 1060 1886 1122 tertia
1907 1072 1939 1122 et

316 1173 441 1236 decima
462 1173 569 1236 minua
592 1171 675 1236 bene
697 1193 850 1259 expressa
873 1189 928 1238 est.
959 1213 998 1225 -
1037 1173 1105 1237 Alii
1126 1177 1159 1237 io
1183 1195 1296 1238 aversa
1318 1174 1438 1238 babent
1460 1175 1602 1252 leonem,
1639 1179 1697 1258 put*
1719 1173 1937 1236 addextrare

198 1313 202 1320 ·
314 1284 473 1372 graditur
503 1292 537 1349 et
567 1294 748 1370 serpentem
777 1287 896 1350 calcat.
939 1287 1050 1373 Epigr.
1079 1299 1176 1373 6666.
1221 1287 1412 1373 Exemplum
1435 1285 1538 1351 habeo
1559 1309 1577 1349 a
1600 1285 1769 1350 Rocbettio
1791 1288 1937 1362 missum,

316 1419 356 1462 ex
376 1395 492 1462 Museo
512 1396 670 1462 Parisino.

440 1507 480 1573 Β.
529 1509 664 1594 Iupiter
691 1510 774 1574 tolio
801 1511 949 1577 suadem
976 1513 1023 1577 ad
1048 1520 1217 1579 tint'ttram
1249 1535 1348 1600 supet·
1378 1513 1502 1577 dextra
1530 1513 1672 1598 aquilam
1704 1519 1833 1584 tenear,
1869 1514 1933 1572 616.

313 1620 458 1700 bastart,
496 1627 529 1685 in
554 1628 745 1706 areatpt'ca
767 1632 898 1689 61666.
941 1625 1210 1698 rotomnam.
1244 1627 1271 1716 )(
1300 1627 1371 1692 Leo
1395 1635 1523 1690 tauram
1545 1626 1724 1702 decorant,
1762 1618 1936 1707 epigraphe
2076 1630 2079 1638 ’

312 1747 412 1822 'tata-
456 1725 493 1798 16
515 1755 591 1798 6666
610 1754 666 1813 nr,
693 1735 779 1798 16166
801 1752 834 1802 a.
878 1737 929 1800 Ex
952 1737 1100 1824 exemplo
1124 1739 1280 1806 Parisino.
1321 1737 1391 1804 AB.
1414 1743 1466 1819 63.
1508 1737 1545 1802 ln
1567 1735 1657 1816 aliis,
1687 1756 1821 1821 quorum
1844 1731 1936 1818 plura

310 1850 344 1912 in
374 1845 490 1912 Museo
520 1845 707 1912 Britannico
736 1849 821 1928 vidi,
859 1851 893 1914 in
925 1871 1038 1916 aversa
1068 1853 1154 1918 inira
1174 1851 1302 1918 1666666
1323 1865 1398 1918 6661
1418 1851 1543 1916 litterae
1564 1866 1620 1919 tro.
1665 1847 1702 1914 16
1725 1847 1798 1912 61116
1822 1867 1935 1909 aversa

311 1957 410 2025 babet
431 1960 571 2036 leonem,
604 1967 663 2045 qut·
682 1982 810 2026 ceruum
832 1961 980 2028 decorat.

440 2069 479 2136 C.
522 2071 1191 2159 1661166666166166666666616666,
1223 2082 1257 2143 in
1281 2100 1356 2144 area
1376 2100 1456 2159 auo,
1494 2083 1587 2162 opica
1610 2085 1644 2140 et
1665 2065 1846 2149 6666616666,
1874 2068 1934 2134 snb

310 2187 394 2252 tella
420 2191 570 2250 anterior
591 2206 676 2270 part
706 2192 807 2250 tauri.
852 2187 1123 2258 1666666566.
1167 2192 1196 2278 )(
1245 2181 1868 2257 1716666116Ρ666166661166166161666
1892 2182 1937 2246 ad
1975 2187 1978 2196 ⁴

310 2299 484 2378 dextram,
522 2307 601 2362 ante
622 2319 692 2362 eaor
712 2297 828 2385 globus
850 2302 960 2366 ulatur
982 2315 1013 2366 et
1035 2303 1196 2368 caudatus
1225 2303 1364 2388 (Ferver
1393 2327 1420 2369 6.
1449 2307 1563 2390 genios
1585 2299 1770 2386 tutelonis),
1800 2297 1935 2362 inferius

311 2433 418 2478 66666.
464 2410 552 2475 Pone
575 2408 701 2475 litterae
723 2413 850 2481 :arani
894 2415 946 2478 Ex
970 2414 1120 2502 exemplo
1142 2417 1362 2498 Londineusi,
1395 2416 1436 2481 cl.
1457 2415 1582 2480 Dotens
1604 2438 1635 2500 p.
1651 2419 1703 2482 20.

437 2523 478 2590 D.
520 2523 641 2588 Eadem
672 2524 817 2598 adversa.
848 2526 878 2612 )(
916 2510 994 2592 Dite
1023 2534 1093 2593 ciri
1121 2549 1167 2594 66
1195 2529 1332 2595 adverto
1362 2538 1506 2609 stanter,
1544 2530 1676 2614 picotum
1706 2526 1794 2590 alter
1817 2520 1933 2599 nudae,

310 2641 400 2704 alter
415 2638 711 2724 peregrino-cultu
732 2646 872 2703 uertitur
894 2649 953 2705 eet.
998 2638 1036 2704 16
1057 2643 1164 2706 medio
1187 2662 1298 2706 eorum
1318 2644 1414 2707 arula
1432 2641 1455 2706 l.
1472 2613 1700 2705 candelabrum
1714 2651 1748 2700 et
1761 2631 1934 2720 epigraphe

310 2749 439 2820 11616661
491 2749 542 2814 Ex
572 2748 721 2835 exemplo
750 2751 917 2832 Parisino,
949 2754 982 2817 ni
1011 2751 1123 2834 fallor,
1157 2755 1298 2834 inedito,
1328 2755 1413 2841 quod
1441 2776 1547 2820 meum
1576 2755 1608 2816 in
1640 2772 1733 2816 nsum
1760 2744 1934 2812 delineavit

312 2863 579 2950 Hoblenbargius
602 2860 754 2944 (tablettc
777 2869 851 2948 61).

437 2977 478 3041 Ε.
526 2974 633 3061 Caput
655 2976 825 3042 aduersum
850 2978 1006 3044 muliebre
1028 2979 1247 3044 diadematum
1270 2986 1395 3066 sparsit
1422 2979 1578 3045 crinibur.
1615 2978 1642 3064 )(
1679 2975 1787 3059 Caput
1808 2969 1932 3035 modice

312 3089 482 3156 barbatam
511 3089 679 3176 galeatum
707 3089 754 3154 ad
778 3097 957 3156 rt'rtt'ttram.
1006 3091 1090 3156 Ante
1118 3109 1230 3161 16616.
1282 3093 1334 3157 Ex
1368 3091 1516 3181 exemplo
1547 3092 1692 3156 Parisino
1720 3085 1760 3152 ci.
1792 3081 1931 3148 Pellarin

312 3201 354 3290 pl.
374 3210 435 3268 122
460 3221 514 3269 no.
529 3206 560 3267 t.
597 3199 821 3287 1161666611
848 3225 898 3266 no.
917 3208 947 3268 5.
984 3201 1191 3272 Bellermann
1216 3213 1246 3285 1,
1269 3211 1320 3272 27.

438 3312 484 3381 Ut
512 3313 561 3378 ab·
582 3312 780 3379 emblematis
810 3317 937 3378 initium
960 3304 1134 3398 faciainus,
1171 3321 1265 3386 Iocis
1286 3328 1396 3409 imago
1417 3323 1451 3386 in
1473 3317 1682 3406 plurimorum
1704 3315 1857 3390 adversa,
1891 3309 1931 3373 ed

310 3431 536 3517 impensiorem
564 3425 650 3491 Iovis
683 3428 766 3512 apud
797 3423 916 3491 Cilices
945 3440 976 3490 et
1004 3433 1144 3494 maxime
1177 3430 1357 3500 Tarsenses
1387 3432 1507 3498 cultum
1536 3435 1690 3516 pertinet,
1730 3431 1764 3490 in
1796 3443 1931 3512 quorum

312 3545 417 3608 nuntia
438 3541 534 3605 etiam
560 3543 774 3626 imperatoriis
797 3539 909 3603 eadem
931 3536 1017 3606 lovis
1039 3543 1147 3629 imago
1171 3561 1333 3630 comparet
1360 3541 1504 3632 (Eckbel
1527 3541 1574 3606 111
1595 3565 1625 3626 p.
1649 3545 1700 3606 71.
1723 3539 1801 3624 72);
1833 3556 1933 3622 quan·

311 3678 404 3744 quem
427 3654 539 3718 eedem
561 3651 666 3740 figura
689 3655 785 3716 etiam
807 3655 840 3717 in
863 3667 992 3717 moneta
1014 3641 1133 3740 Nagidi
1155 3652 1290 3720 Ciliciae
1313 3660 1470 3742 reperitur
1493 3651 1641 3739 (Eckbel
1662 3673 1692 3738 p.
1717 3657 1767 3715 61.
1785 3652 1869 3729 413)
1899 3659 1931 3708 61

311 3769 572 3856 angustissimum
602 3767 699 3829 totius
728 3763 862 3830 Ciliciae
894 3765 1046 3852 templum
1079 3765 1149 3832 Iovi
1177 3784 1396 3854 consecratum
1431 3781 1501 3831 erat
1536 3764 1660 3844 Olbae,
1695 3766 1786 3826 cuius
1814 3761 1931 3824 summi

310 3880 492 3946 sacerdotes
520 3877 618 3964 longe
646 3879 798 3942 ditissimi
827 3892 858 3942 et
887 3881 1100 3965 potentissimi
1135 3878 1175 3944 ab
1205 3883 1343 3968 antiquit
1375 3883 1450 3947 inde
1482 3877 1678 3964 temporibus
1712 3857 1931 3940 Tracbiotidis

311 3995 465 4078 dynastae
493 4005 524 4054 et
547 3989 668 4054 domiui
689 3990 820 4054 luerunt
847 3991 895 4072 (v.
920 3990 1070 4058 Strabon.
1092 3991 1177 4058 XIV
1199 4017 1228 4080 p.
1243 3993 1327 4078 969)
1349 3992 1528 4082 multosque
1550 4013 1664 4058 numos
1686 3999 1857 4063 auserunt,
1890 3985 1931 4048 de

309 4104 424 4194 quibos
446 4103 570 4168 erudite
593 4117 727 4189 egerunt
747 4101 898 4186 Belleyus
926 4093 1121 4188 (Mimoires
1144 4107 1184 4171 de
1206 4105 1316 4172 l'acad.
1339 4107 1428 4173 XXI
1449 4131 1479 4193 p.
1496 4111 1581 4187 421)
1602 4118 1634 4168 61
1655 4097 1831 4167 Ecltbalios
1853 4095 1930 4181 (111,

310 4241 338 4305 p.
361 4225 403 4284 62
427 4217 529 4304 sqq.).
561 4255 600 4267 -
645 4213 696 4280 Do
725 4215 920 4302 imaginibus
949 4219 1122 4300 adversae,
1157 4222 1191 4284 in
1225 4242 1287 4306 qua
1314 4223 1430 4306 partim
1459 4219 1510 4284 leo
1540 4233 1588 4284 est
1609 4231 1736 4282 taurum
1759 4231 1930 4278 certumve

309 4333 487 4409 devorans,
523 4332 637 4415 partim
659 4331 710 4392 vir
732 4317 815 4392 cultu
840 4333 964 4415 persico
986 4331 1136 4412 indutus,
1172 4333 1248 4397 olim
1272 4337 1317 4398 ita
1338 4333 1537 4412 statuebam,
1574 4345 1608 4395 nt
1637 4327 1788 4414 exempla
1809 4324 1929 4391 cultum

309 4445 472 4510 Persicum
502 4464 579 4528 prae
607 4464 642 4508 se
671 4441 806 4540 16666116
835 4445 894 4526 (61
915 4441 949 4507 C.
971 4443 1014 4509 D.
1039 4444 1088 4530 Ε)
1122 4446 1162 4510 61
1185 4445 1348 4512 Persicam
1371 4444 1505 4510 Ciliciae
1527 4458 1684 4522 aetatem,
1713 4440 1837 4526 reliqua
1856 4457 1929 4501 cum

308 4555 402 4623 leone
436 4571 562 4621 taurum
598 4575 768 4620 certamve
800 4558 991 4635 devorante,
1029 4558 1112 4642 'quod
1146 4561 1242 4624 etiarn
1280 4563 1314 4624 in
1349 4558 1422 4624 aliis
1457 4562 1527 4623 eius
1556 4559 1699 4644 regionis
1727 4551 1929 4618 numismatis

308 4682 489 4756 comparet,
519 4669 559 4733 ad
581 4655 761 4733 Alexandri
782 4667 894 4754 Magni
916 4671 1080 4733 victoriam
1103 4673 1143 4735 ad
1164 4671 1268 4738 Issum
1291 4687 1484 4759 reportatam
1506 4671 1661 4735 referrem
1682 4671 1732 4752 (v.
1756 4663 1928 4749 Ephemer.

308 4781 368 4848 litt.
392 4779 467 4846 1161.
493 4779 638 4860 1825'1'.
663 4787 691 4846 1.
715 4803 747 4866 p.
772 4781 867 4866 520).
918 4778 1013 4844 Nunc
1042 4797 1148 4848 tamen
1179 4807 1243 4850 non
1267 4785 1395 4863 dubito,
1434 4787 1510 4870 quin
1540 4783 1601 4847 boo
1623 4800 1748 4868 quoque
1769 4773 1928 4840 emblema

308 4896 348 4961 ad
370 4894 513 4960 Persiam
537 4897 711 4979 pertineat,
735 4892 943 4980 arguentibus
965 4893 999 4957 id
1021 4897 1090 4959 eius
1111 4899 1239 4981 generis
1263 4899 1367 4960 666616
1384 4899 1416 4960 16
1432 4896 1546 4982 quibus
1562 4893 1614 4957 leo
1629 4909 1755 4957 taurum
1770 4891 1927 4954 devorant

303 4991 381 5073 ¹cnm
403 5005 603 5072 emblematis
620 5007 758 5072 Persicis
780 5003 945 5091 copulatus
960 5025 1009 5071 est
1031 5005 1109 5091 (litt.
1126 5007 1182 5092 F).
1227 5007 1404 5074 Est'autem
1419 5006 1479 5071 1666
1493 5009 1617 5093 imperii
1635 5005 1755 5069 Persici
1769 4999 1928 5066 emblema

308 5118 506 5185 simillimum
529 5117 613 5200 illis,
650 5140 731 5206 quae
753 5122 788 5184 in
810 5123 1025 5185 monumentis
1047 5133 1078 5184 et
1098 5119 1251 5203 cylindris
1281 5123 1323 5206 (i.
1342 5141 1369 5186 6.
1393 5118 1522 5186 6666116
1543 5118 1750 5206 signatoriis)
1773 5117 1928 5200 Persepo-

307 5229 417 5296 litanis
448 5244 480 5294 et
507 5231 696 5316 Babyloniis
726 5247 926 5318 comparent,
965 5235 998 5298 in
1027 5233 1142 5320 quibus
1170 5234 1266 5298 modo
1295 5237 1347 5299 leo
1379 5249 1541 5319 comparet
1561 5239 1748 5299 unicornem
1770 5232 1926 5295 devorans

309 5343 399 5428 (Kar
424 5343 535 5410 Porter
557 5343 695 5411 'Pretels
718 5344 758 5410 Τ.
782 5345 797 5410 1
820 5345 861 5431 pl·
889 5345 951 5432 35)
981 5349 1005 5414 i.
1027 5369 1055 5412 6.
1085 5350 1120 5412 61
1149 5345 1244 5413 161166
1276 5348 1398 5414 166616·
1419 5349 1596 5413 vicinorum
1627 5366 1800 5433 regnorum
1829 5361 1927 5407 unum
