5016 6294
522 601 600 722 ilo
649 639 783 710 Ltuutt
796 637 1042 708 SECUNDUS.
1071 635 1413 718 nuscmertouus
1423 603 1714 704 'anonumum
1746 633 1893 704 CAPUT
1910 635 2112 706 SEX'l'UM.

523 829 659 911 similia,
696 832 753 895 sed
780 825 1046 914 inscriptionibus
1079 824 1133 890 vel
1165 825 1276 890 latinis
1308 822 1361 888 vel
1391 823 1488 890 nullis
1519 829 1686 891 instructa.
1736 821 1850 889 Amice
1878 845 1952 890 eam
1981 826 2151 891 nobiseum

524 943 770 1010 communiaevit
798 941 895 1006 Cunr.
924 940 1086 1006 Lesbum
1121 937 1166 1003 V.
1196 936 1267 1002 Cel.
1303 937 1391 1004 illius
1425 937 1536 1004 Musei
1564 936 1827 1028 subpraeleetus,
1863 939 1920 1024 qui
1946 940 1981 1003 in
2010 935 2153 1018 „Masei

523 1057 751 1144 Lugdunensis
773 1051 1021 1136 Monumentis“
1049 1055 1168 1123 iustam
1197 1047 1312 1118 borum
1340 1065 1619 1116 monumentorum
1649 1051 1822 1116 editionem
1850 1064 1891 1122 et
1904 1047 2151 1118 illustrationem

424 1199 432 1213 ι
524 1168 603 1234 οΙὶιιι
643 1168 772 1237 daturus
811 1179 870 1232 est.
937 1165 1088 1258 Sequitur
1105 1229 1108 1236 ,
1124 1177 1232 1230 autem
1268 1163 1322 1232 bic
1356 1163 1520 1254 catalogus
1555 1165 1696 1228 indicem
1725 1161 1835 1230 Musei
1872 1177 2150 1228 monumentorum

476 1279 481 1286 ’
527 1285 795 1366 manuscriptum:
867 1259 904 1350 ,’
1223 1279 1225 1284 ’

652 1396 684 1476 1)
706 1389 935 1478 Anaglyphum
957 1387 1116 1454 exbibens
1142 1388 1291 1476 figuram,
1314 1409 1395 1476 quae
1417 1410 1513 1452 manu
1536 1388 1670 1455 dextera
1690 1411 1785 1454 uvam
1808 1402 1914 1468 tenet,
1948 1389 1981 1452 in
2005 1389 2150 1468 exedris,

525 1527 624 1592 super
646 1527 740 1592 quarn
763 1501 876 1567 lnnula
897 1516 930 1566 et
951 1501 1067 1567 flores:
1100 1517 1260 1588 repertum
1283 1499 1335 1565 vel
1357 1501 1397 1565 ad
1419 1498 1554 1586 Bedjam
1577 1499 1629 1566 uel
1652 1502 1692 1566 ud
1714 1501 1856 1589 Kell'am.

654 1621 688 1698 2)
719 1613 859 1704 cippus,
891 1635 990 1717 puppe
1020 1611 1181 1682 'l'unetem
1210 1616 1263 1704 (l)
1294 1625 1461 1702 repertus,
1500 1615 1534 1679 in
1566 1617 1656 1679 ouius
1688 1617 1855 1700 superiore
1877 1625 1965 1699 parta
1988 1613 2151 1698 oompnret

503 1727 651 1814 lunula,
681 1727 742 1796 sub
766 1751 829 1814 qua
851 1731 884 1791 in
908 1725 1025 1791 cellule
1044 1725 1150 1815 figura
1174 1729 1253 1808 viri,
1283 1749 1381 1792 mann
1403 1727 1534 1794 sinistra
1556 1725 1721 1793 codicillos
1740 1749 1767 1792 ι.
1792 1721 1934 1791 tabulam
1949 1727 2150 1812 scriptorium

526 1855 646 1908 tenens.
690 1839 780 1906 Infra
801 1839 863 1904 hae
884 1837 1030 1906 litterae:

1116 1939 1357 2007 LlClSlPl‘VS
1381 1939 1481 2006 Plvs

1101 2053 1278 2142 (V)le'l¹
1305 2052 1409 2120 ANIS
1431 2051 1502 2119 XV

1221 2212 1322 2232 ......
1345 2167 1373 2230 E

655 2287 689 2366 3)
720 2279 969 2369 Anaglypbum,
1006 2281 1040 2344 in
1062 2282 1158 2344 -cuius
1186 2281 1353 2365 superiore
1384 2290 1475 2366 parte
1500 2277 1739 2364 conspiciuntur
1760 2287 1824 2346 tres
1846 2275 1971 2366 figurae
1991 2280 2149 2344 humanae

527 2393 675 2480 manibus¹
705 2393 840 2459 sublatis
870 2391 992 2480 palmes
1020 2406 1175 2458 tenentes.
1218 2391 1287 2457 Sub
1316 2393 1357 2458 iis
1384 2393 1418 2456 in
1440 2389 1558 2456 cellula
1579 2404 1675 2477 eaput
1696 2391 1886 2456 humanum:
1918 2391 2053 2456 inferior
2074 2413 2148 2478 pars

485 2513 490 2528 '
527 2505 638 2572 lraeta.
682 2501 749 2570 Ubi
772 2521 936 2592 repertum
958 2508 1020 2586 sit,
1053 2527 1117 2570 nou
1140 2519 1274 2570 constat.
1370 2565 1373 2578 ,
1505 2515 1508 2522 '

653 2621 689 2702 4)
720 2615 857 2704 Cippus,
892 2620 926 2682 in
957 2640 1019 2705 quo
1050 2640 1188 2704 superne
1212 2617 1354 2682 corollae
1375 2615 1561 2705 longiores,
1589 2615 1650 2681 sub
1673 2615 1790 2702 quibus
1813 2617 1894 2680 duae
1916 2615 2057 2703 figurae,
2088 2619 2149 2682 viri

529 2746 562 2796 et
584 2731 739 2810 sentinae,
775 2733 965 2818 inquorum
989 2731 1095 2797 medio
1117 2753 1174 2795 ara
1195 2753 1331 2795 accensa
1353 2745 1385 2794 et
1405 2728 1531 2795 litterae
1555 2727 1598 2793 Ι).
1613 2727 1660 2793 Μ.
1678 2729 1713 2794 S.
1757 2727 1891 2815 Reliqua
1911 2727 2011 2794 fracta
2033 2743 2119 2793 sunt.

655 2843 689 2929 5)
717 2841 836 2931 Cippus
866 2847 990 2924 minor,
1028 2843 1186 2909 exbibens
1216 2845 1319 2906 virum
1347 2855 1503 2922 stantem,
1538 2863 1634 2905 manu
1663 2842 1780 2906 dextra
1801 2841 1841 2906 atl
1863 2840 1987 2906 coelum
2008 2839 2147 2921 sublata,

525 2971 671 3044 repertus
691 2956 804 3020 Susae.

654 3069 687 3151 6)
712 3066 833 3154 Cippus
854 3068 994 3133 rudioris
1018 3069 1123 3154 operis
1146 3065 1342 3154 Cartbagine
1361 3081 1507 3154 repertus
1529 3065 1581 3131 bis
1602 3065 1720 3132 litteris
1739 3069 1924 3154 inscriptus:
1956 3063 2146 3132 SABINVS

527 3177 862 3259 SVGAN.MATtt1‚
890 3180 949 3262 sub
969 3180 1084 3268 quibus
1105 3179 1210 3272 figure
1231 3178 1374 3244 mulieris
1390 3183 1474 3245 intes
1488 3180 1566 3246 duas
1581 3178 1766 3260 columnas,
1791 3202 1872 3268 quae
1885 3181 1998 3247 dextra
2014 3194 2145 3246 extense

527 3313 657 3357 urceum
679 3295 861 3371 inversum,
897 3295 1028 3358 sinistra
1056 3291 1186 3358 corbem
1207 3305 1305 3358 tenet.
1484 3275 1487 3284 ⁵

653 3403 688 3490 7)
708 3402 938 3491 Fragmentum
961 3409 1045 3493 eippi
1065 3409 1161 3472 sertis
1178 3419 1211 3470 et
1231 3402 1447 3492 papaveribus
1470 3408 1590 3486 ornati,
1620 3404 1819 3492 Cartbagine
1839 3411 1968 3492 reperti.

655 3521 690 3600 8)
712 3513 832 3603 Cippus
853 3516 1012 3584 exbibens
1031 3515 1168 3606 figuram
1188 3515 1333 3582 mulieris
1353 3520 1387 3582 in
1411 3516 1545 3602 sellula,
1575 3519 1636 3586 sub
1659 3541 1722 3606 qua
1742 3518 1824 3586 baee
1846 3519 1961 3586 verba:

1220 3627 1452 3696 SALt'l'rHv

1163 3741 1366 3809 LlLLEClS
1392 3741 1511 3809 FlLlA

927 3877 930 3888 ’
1003 3887 1013 3906 s
1132 3855 1329 3922 P1nv1x.
1353 3855 1426 3924 AN.
1449 3853 1538 3922 XXI

1253 3967 1298 4034 Η.
1321 3969 1359 4034 E.
1379 3969 1415 4033 S.
1450 3973 1460 3982 '

526 4078 682 4165 Repertus
702 4081 754 4146 vel
774 4079 898 4167 Bedjae
919 4079 972 4145 vel
994 4079 1118 4147 Kolias.
1160 4079 1284 4147 lbirlem
1306 4095 1433 4166 reperta
1454 4079 1637 4168 anaglypha
1658 4087 1789 4150 9-11.

653 4198 689 4278 9)
717 4192 943 4281 Auaglypbum
974 4217 1114 4282 superne
1145 4195 1299 4274 lreutum,
1335 4196 1371 4259 ia
1398 4197 1489 4260 euius
1518 4199 1688 4282 superiore
1709 4210 1799 4284 parte
1820 4207 1991 4284 supersunt
2010 4196 2145 4281 resfigia

524 4303 648 4394 figurae
680 4305 846 4374 muliebris
873 4307 1030 4372 sedentis:
1068 4307 1130 4373 sub
1157 4329 1196 4373 ea
1224 4321 1290 4374 tres
1317 4327 1437 4394 persae
1466 4306 1591 4396 figurae
1622 4309 1795 4378 muliebres
1819 4312 1943 4391 nudae,
1977 4308 2143 4388 lunonem,

525 4419 708 4488 Minervam
729 4434 763 4484 et
776 4417 940 4486 Venerem
959 4435 1235 4507 repraesentantes
1257 4421 1330 4505 (i),
1352 4421 1537 4507 ‹leniquein
1552 4421 1668 4490 cellule
1681 4427 1731 4490 vir
1745 4421 1895 4490 volumen
1908 4445 2006 4492 menn
2019 4437 2143 4488 teneus.

653 4533 709 4618 tu)
728 4531 958 4620 Auaglypbom·
977 4533 1136 4600 exbibens
1157 4555 1295 4619 superne
1308 4532 1446 4621 figurata
1461 4533 1652 4604 muliebrem
1664 4551 1820 4617 stentem,
1841 4535 1902 4604 sub
1916 4559 1956 4606 ea
1971 4555 2144 4624 puerorum

525 4647 741 4736 symplegma,
775 4649 808 4712 in
831 4646 986 4712 interiore
1005 4661 1095 4734 perte
1117 4657 1242 4712 tomus.
1994 4645 1996 4649 ’

651 4763 704 4847 11)
725 4757 847 4828 Mulier
861 4773 950 4826 stans
964 4763 999 4828 iu
1016 4757 1162 4828 sandari
1176 4773 1291 4826 ornato
1304 4763 1440 4842 ratum,
1460 4781 1594 4848 quarum
1607 4763 1690 4828 duae
1706 4761 1829 4848 palmes
1843 4760 1991 4827 manibus
2004 4775 2143 4847 gestent.

1287 4947 1378 5017 LXI.

950 5077 1355 5152 NUMIDICA
1407 5077 1709 5162 QUINTA.

626 5199 677 5297 ‘t.
721 5235 885 5300 Eximium
906 5236 970 5301 boa
990 5250 1232 5302 monumentum
1256 5237 1420 5326 hueusque
1441 5237 1600 5306 ineditum
1621 5237 1676 5302 tlin
1692 5233 1828 5302 latuisse
1842 5235 1968 5303 vitietur
1981 5241 2015 5304 in
2032 5237 2139 5305 Musei

517 5339 695 5412 Britannini
729 5347 973 5431 subterraneis,
1021 5351 1077 5418 ubi
1115 5353 1287 5418 etiamnum
1325 5365 1431 5420 exstat
1468 5354 1554 5419 ieter
1589 5347 1670 5418 slias
1707 5345 1904 5417 Sloanianas
1938 5349 2138 5418 eolleetionir
