4978 6296
631 644 708 716 UBI
729 647 789 716 ΕΤ
812 646 1003 727 QUANDO
1026 647 1287 720 unoumcus
1301 651 1508 722 LITTERIS
1529 653 1602 723 USI
1624 657 1737 725 SINT.
1950 663 1995 736 13

368 850 493 924 reperta
520 837 572 922 (v.
602 838 757 923 iuscriptt.
786 835 961 920 tautam
990 849 1057 902 tum
1085 839 1223 925 deniqne
1254 841 1340 904 nurui
1370 855 1443 906 sunt
1473 843 1608 909 testibus
1638 843 1820 930 epigraphis
1843 868 1862 910 a
1885 844 1993 925 Juhis,

369 963 457 1036 patre
480 963 513 1013 et
532 945 621 1028 titio,
656 963 688 1014 ct
710 971 731 1012 a
751 952 850 1014 variis
871 946 1041 1044 Numidiae
1063 964 1096 1014 et
1116 949 1331 1016 Mauritaniae
1354 952 1506 1034 urbibus,
1541 970 1576 1020 ut
1597 954 1755 1035 Achulla,
1783 957 1943 1024 Sabratha
1964 982 1991 1024 s.

368 1059 512 1148 Tripoli,
539 1059 667 1140 Vacca,
696 1059 905 1145 probabiliter
933 1064 1028 1126 etiam
1058 1061 1158 1148 Tingi
1190 1067 1275 1142 cusi,
1304 1065 1343 1128 de
1374 1087 1507 1150 quorum
1538 1071 1636 1134 etiam
1665 1081 1768 1134 aetate
1797 1073 1875 1136 satier
1904 1087 2012 1139 certo,

368 1187 504 1254 constat.
545 1171 597 1238 De
617 1175 861 1258 inscriptionum
883 1171 1188 1260 Carthaginensium
1218 1189 1322 1240 aetate
1353 1176 1433 1242 nihil
1461 1183 1541 1245 certi
1563 1181 1691 1267 quidem
1714 1179 1842 1248 definiri
1869 1197 1989 1268 petest:

369 1300 509 1352 adaman
538 1307 725 1372 persuasum
755 1284 849 1352 nobis
877 1300 943 1365 est,
973 1307 1029 1352 eas
1057 1288 1098 1352 ad
1127 1283 1333 1374 Carthaginis
1362 1289 1519 1371 Punicae,
1551 1315 1615 1358 nou
1639 1291 1823 1374 Romanae,
1854 1310 1990 1360 aetatem

369 1380 541 1486 pertinere.
588 1396 780 1484 Quanquam
809 1400 895 1464 enim
923 1401 1082 1464 sermonis
1117 1413 1150 1465 et
1170 1403 1358 1486 {scripturae
1387 1405 1522 1486 punicae
1550 1426 1633 1483 usu,
1672 1407 1812 1491 itemque
1840 1407 1990 1475 suffetum

369 1514 531 1578 mentione
551 1513 585 1576 iu
607 1517 705 1576 inser.
728 1515 770 1576 50
791 1513 823 1576 id
845 1513 977 1578 minIme
1000 1509 1083 1576 effici
1112 1514 1252 1578 concedo
1283 1515 1325 1596 (si
1347 1515 1475 1598 quidem
1495 1528 1528 1579 et
1549 1519 1656 1600 punici
1678 1520 1836 1584 sermonis
1860 1540 1936 1583 usus
1959 1535 1992 1582 et

368 1625 518 1690 suffetum
552 1645 669 1688 muuns
693 1621 840 1688 Romana
876 1625 980 1708 etiam„
1002 1621 1197 1711 Carthagine
1227 1627 1445 1712 perduravit)t
1482 1625 1661 1694 litterarum
1692 1644 1798 1694 tamen
1827 1630 1991 1696 character

367 1740 508 1824 optimae
530 1733 841 1822 aetatis.scripturaa
863 1737 1117 1824 aequiparandae
1138 1735 1261 1802 liberae
1275 1737 1478 1826 Carthagiuis
1500 1755 1644 1826 tempora
1658 1741 1721 1807 sihi
1736 1741 1871 1829 flagitat,
1895 1765 1991 1830 quum

369 1847 518 1928 Caesaris
544 1851 609 1914 iam
638 1861 670 1912 et
699 1845 839 1934 Augusti
867 1855 972 1914 aetate
1001 1871 1112 1916 earum
1134 1854 1303 1940 regionum
1326 1854 1483 1938 scriptura
1504 1853 1677 1950 admodum
1698 1830 1820 1920 mutata
1842 1869 1875 1920 et
1895 1857 1992 1941 dege-

367 1976 480 2028 nerata
505 1964 557 2028 sit.
599 1958 807 2048 Reliquorum
836 1973 926 2027 aetas
954 1963 1068 2047 partim
1097 1985 1139 2029 ex
1171 1967 1252 2050 ipsis
1278 1968 1496 2030 monumentis
1526 1979 1602 2030 neta
1628 1981 1688 2031 est.
1736 1967 1875 2034 Exstant
1904 1971 1991 2034 enim

367 2074 451 2142 tituli
473 2074 514 2140 ah
536 2071 723 2173 Hiempsale
744 2071 850 2139 Ietll
872 2073 913 2164 (i.
930 2095 961 2148 e.
983 2077 1067 2138 inter
1088 2097 1190 2142 anuos
1214 2081 1274 2142 118
1297 2090 1330 2142 et
1351 2083 1389 2141 81
1413 2099 1442 2140 a.
1465 2076 1540 2143 Chr.
1563 2079 1648 2164 nat.)
1671 2079 1847 2167 horumque
1869 2077 1993 2144 familia

366 2190 481 2276 positi,
513 2199 642 2252 exstant
670 2187 759 2251 numi
788 2185 892 2250 Jnhae
921 2183 937 2250 l
967 2187 1129 2270 (81-46
1158 2213 1188 2254 a.
1219 2187 1317 2274 Chr.)
1347 2203 1379 2254 et
1407 2189 1438 2254 Il
1467 2193 1528 2276 (30
1551 2212 1580 2255 a.
1602 2191 1676 2257 Chr.
1697 2229 1740 2258 -.
1763 2198 1802 2258 18
1827 2215 1858 2278 p.
1882 2191 1990 2276 Cha),
2035 2205 2038 2212 '

367 2303 457 2366 numi
482 2299 609 2364 urbium
627 2298 784 2385 Augusti,
812 2299 945 2378 Liviae,
971 2297 1098 2364 Tiberii
1119 2301 1276 2386 capitibus
1295 2305 1460 2390 insignes,
1484 2316 1591 2368 exstat
1611 2307 1708 2368 etiarn
1725 2303 1837 2380 titulus
1848 2307 1992 2390 ipunieus

366 2417 401 2482 in
431 2433 509 2480 arcu
534 2409 720 2498 triumphali
743 2408 946 2497 Tripolitana
975 2426 1138 2498 repertus,
1172 2435 1267 2500 quem
1297 2419 1396 2480 aetati
1424 2416 1574 2503 Septimii
1597 2413 1729 2496 Severi,
1759 2419 1881 2504 ipsique
1907 2439 1992 2482 anno

367 2528 439 2616 posi
461 2523 539 2590 Chr.
563 2547 594 2593 n.
617 2528 679 2590 203
700 2524 894 2588 vindicatum
916 2526 1033 2590 ivimus
1054 2527 1350 2611 (tardiusculis).
1395 2528 1448 2592 Ad
1470 2528 1532 2594 hoc
1552 2543 1659 2594 autem
1679 2531 1831 2614 temporis
1849 2533 1990 2618 spatium

366 2641 502 2728 punicae
520 2635 651 2725 liuguae
673 2657 767 2702 usum
789 2638 1001 2724 perdurasse,
1026 2637 1182 2726 permulta
1205 2638 1362 2706 habemus
1384 2643 1613 2726 testimonia*i

490 2753 525 2820 7.
566 2749 605 2816 In
630 2750 814 2835 Cyrenaeo
835 2751 933 2815 etiam
956 2765 1026 2818 orta
1046 2773 1119 2818 esse
1138 2765 1345 2818 monumenta
1366 2750 1482 2818 litteris
1502 2752 1681 2838 phoenicIIs
1702 2755 1868 2838 inscripta,
1889 2774 1991 2838 nuper

364 2863 484 2953 aliquot
505 2885 606 2928 annos
629 2863 784 2928 creditum
798 2876 862 2928 est:
885 2863 988 2930 donec
1001 2863 1147 2951 Improba
1160 2866 1249 2931 fraus
1265 2867 1388 2930 detecta
1403 2881 1435 2932 et
1450 2864 1678 2954 impostoribus
1693 2886 1831 2952 persona
1846 2867 1991 2930 detracta

365 2993 415 3044 est
443 2977 493 3064 (v.
514 2973 571 3040 lib.
592 2973 642 3054 ll,
664 2997 731 3061 cap.
758 2974 830 3060 10).
870 2975 999 3042 Revera
1027 2975 1152 3044 inillis
1179 2978 1386 3066 regionibus,
1416 3000 1494 3066 quas
1516 2999 1695 3066 nunqnam,
1723 2981 1809 3065 quod
1836 2981 1987 3058 seierum,

365 3090 532 3158 Phoenicii
545 3085 652 3153 coloni
665 3085 922 3173 frequentarunt,
947 3090 1030 3156 nihil
1043 3090 1107 3156 tale
1119 3105 1308 3178 exspectes,
1331 3111 1435 3176 neque
1454 3090 1654 3176 phoeniciam
1670 3094 1829 3178 originem
1851 3092 1989 3176 produnt

365 3205 497 3270 uomina
518 3201 646 3286 propria
663 3195 830 3265 hominnm
850 3215 883 3266 et
903 3201 1064 3283 locorum,
1092 3206 1241 3288 quicquid
1261 3225 1300 3266 eu
1320 3205 1353 3268 in
1375 3225 1496 3288 genere
1519 3207 1650 3267 tentavit
1668 3203 1873 3268 Hamakerns
1886 3205 1938 3287 **).

491 3311 545 3377 Ex
573 3311 731 3394 Aegypto
760 3325 866 3376 autem
896 3313 989 3398 plura
1016 3328 1295 3379 monumentorum
1328 3335 1465 3400 genera,
1493 3311 1685 3399 phoeniciis
1700 3312 1815 3380 litteris
1835 3317 1989 3399 inscripta

294 3451 298 3460 “
363 3433 572 3512 diversaeque
617 3420 753 3507 origInis
793 3423 834 3487 ad
874 3440 984 3489 nostra
1025 3438 1168 3510 tempora
1211 3439 1435 3512 pervenerunt.
1493 3424 1531 3491 lu
1576 3424 1667 3504 aliis,
1712 3431 1849 3514 gemmis
1893 3441 1988 3514 atque
2074 3507 2079 3514 ἱ

363 3539 499 3631 sigillis,
530 3534 655 3622 figurae
682 3535 885 3620 reperiuntur
915 3537 955 3600 sd
983 3535 1214 3623 Aegyptiorum
1245 3536 1418 3624 religiones
1450 3543 1667 3626 pertinentes,
1699 3562 1771 3605 cum
1803 3539 1988 3605 nominIbus

363 3655 519 3746 propriis,
550 3667 632 3734 quae
660 3644 785 3732 vulgari
814 3647 1010 3712 Phoenicum
1040 3647 1226 3713 charactere
1261 3665 1393 3714 exarata
1421 3667 1496 3717 sunt
1527 3655 1772 3732 (minusue.
1795 3653 1875 3736 70),
1905 3673 1985 3738 quae

362 3761 611 3836 aPhoenithns
632 3762 668 3824 in
689 3757 838 3846 Aegypto
860 3761 1051 3848 degentibus
1073 3773 1105 3826 et
1126 3763 1360 3848 Acgyptiorum
1381 3785 1472 3828 sacra
1494 3761 1649 3847 amplexis
1672 3765 1815 3850 proiecta
1836 3785 1907 3832 esse
1930 3766 1985 3824 vix

364 3882 500 3948 dubitas.
539 3873 576 3940 ln
605 3871 678 3938 aliis
707 3873 851 3940 eiusdem
878 3877 1008 3963 generis
1036 3873 1159 3962 figurae
1180 3885 1390 3960 insumerent,
1422 3876 1478 3939 sed
1502 3874 1588 3938 tit'uli
1611 3897 1759 3938 sermone
1782 3895 1930 3938 uramaeo
1953 3889 1987 3937 et

364 3991 519 4082 peculiari
531 3994 706 4077 scripturae
723 3990 905 4056 charactere
921 3989 1045 4053 exarati
1060 3987 1189 4052 suntad
1203 3987 1442 4052 Aramaismnm
1465 3986 1654 4050 deflectente
1676 3991 1723 4068 (v.
1737 3990 1834 4051 inser.
1847 3992 1899 4053 71.
1916 3989 1986 4070 72),

360 4127 444 4196 qnae
458 4103 498 4170 ah
515 4102 682 4168 AramaeIs
696 4103 780 4168 forte
797 4103 983 4168 commercii
997 4121 1094 4164 causa
1110 4103 1143 4165 in
1160 4099 1306 4186 Aegypto
1320 4097 1519 4186 degentibus,
1536 4099 1621 4164 facta
1637 4119 1708 4164 esse
1723 4100 1985 4176 existimaverim.
2119 4113 2124 4123 ·

361 4218 581 4303 Aliadenique
595 4218 703 4303 papyri
717 4227 791 4279 suut
803 4215 914 4278 eadem
927 4212 996 4278 iere
1010 4212 1121 4300 lingua
1135 4223 1167 4276 et
1181 4211 1280 4277 simili
1290 4213 1472 4278 charactere
1483 4214 1640 4298 Inscripti,
1655 4216 1708 4298 qui
1719 4213 1845 4300 quidam
1855 4211 1987 4276 ludaeis

362 4331 569 4418 AegyptiacIa
592 4327 751 4392 tribuendi
773 4327 922 4392 videntur
943 4339 975 4390 et
1003 4325 1043 4390 ad
1072 4339 1215 4391 nostram
1245 4327 1462 4410 quaestionem
1485 4328 1591 4390 mInus
1616 4327 1777 4410 pertinent
1796 4327 1849 4405 (v.
1866 4323 1925 4392 lib.
1942 4323 1985 4402 Π,

364 4465 417 4508 nc.
440 4443 604 4528 re-rt).
649 4439 698 4506 De
728 4451 831 4504 aetate
861 4435 906 4502 nil
935 4440 1013 4502 certi
1043 4451 1185 4516 constat,
1215 4454 1392 4524 quanquam
1424 4436 1553 4501 illorum
1583 4452 1863 4502 monumentorum
1885 4458 1984 4502 uuum

362 4556 431 4644 (no.
448 4562 489 4622 68
511 4555 550 4620 cI.
570 4555 653 4638 bib)
676 4555 834 4640 persicam
850 4561 985 4613 aetatem
1000 4571 1132 4635 sapere,
1153 4548 1304 4636 pleraque
1323 4547 1578 4614 Ptolemaeorum
1599 4549 1795 4635 temporibus
1815 4549 1984 4614 tribuenda

362 4671 520 4736 videntur.
564 4665 723 4752 Quicquid
746 4677 852 4728 autem
874 4675 1007 4740 statues,
1030 4660 1092 4726 hec
1113 4677 1238 4726 certum
1260 4663 1321 4726 erit
1342 4677 1374 4725 et
1393 4659 1608 4746 exploratum,
1632 4682 1740 4725 reram
1763 4675 1795 4724 et
1807 4660 1982 4746 legitimam

361 4785 551 4867 scripturam
574 4778 774 4863 phoeniciam
802 4780 836 4842 In
867 4776 1081 4840 monumentis
1106 4773 1313 4862 Aegyptiacis
1341 4796 1403 4839 nun
1428 4772 1521 4838 aliter
1541 4774 1744 4838 indicandam
1766 4791 1857 4849 esse,
1878 4786 1982 4859 atque

360 4897 394 4960 iu
423 4871 692 4969 Athenianeihus,
726 4902 759 4956 et
792 4892 1033 4978 peregrinorum
1065 4886 1229 4954 bominum
1257 4909 1350 4968 esse,
1380 4890 1435 4975 qni
1458 4890 1492 4952 in
1514 4884 1660 4971 Aegypto
1682 4885 1843 4950 ciuitatem
1875 4887 1983 4972 adepti

359 5019 469 5083 eraut,
493 5025 557 5070 nen
578 5005 681 5091 ipsius
701 5001 840 5090 Aegypti
861 5004 990 5068 civium.
1273 4987 1283 5002 ⁹

363 5139 674 5158 Ψ

413 5193 439 5260 ·)
458 5194 528 5248 Vide
542 5193 669 5263 deipsins
686 5189 915 5261 SeptimiISereri
928 5205 1022 5244 sorore
1038 5187 1135 5259 punice
1204 5188 1292 5241 nicrun
1317 5187 1433 5258 linguam
1457 5187 1490 5238 ad
1517 5183 1659 5254 Augustini
1686 5185 1808 5256 adeoque
1837 5185 1979 5240 iustiniani

359 5289 487 5360 loquente
510 5289 644 5359 Spartiaui
672 5287 768 5346 Seuer.
788 5307 812 5343 e.
834 5291 884 5354 15.
901 5269 1067 5355 'dedpnleji
1093 5287 1134 5340 ia·
1204 5291 1321 5338 aetatem*
1338 5285 1496 5353 perdurasse
1517 5291 1638 5352 constat,
1658 5301 1686 5339 v.
1705 5283 1752 5338 lib.
1774 5281 1824 5352 IV,
1843 5300 1901 5352 cup.
1920 5289 1947 5337 2.
1965 5285 1979 5352 ,j

362 5386 447 5454 milia,
468 5387 573 5464 Apuleji
584 5383 701 5460 Apclc'g.
720 5405 746 5456 p.
758 5387 819 5442 336.
857 5385 927 5459 Quid
940 5383 1030 5454 qnod?
1048 5385 1135 5440 Phoe·
1252 5379 1294 5448 ”i
1316 5379 1468 5436 Miscellan.
1487 5381 1612 5452 phoenIc.
1630 5401 1657 5453 p.
1677 5385 1730 5438 220
1748 5391 1775 5438 et
1795 5380 1903 5452 passim.
