5016 6294
508 613 586 692 202
626 607 761 679 LIBER
775 605 1028 720 SECUNDUS..
1049 601 1385 676 luscnlr'rlon'as
1401 605 1684 674 PHOENlClAE.
1723 603 1870 673 CAPUT
1887 603 2090 674 SEXTUM.

1257 821 1381 892 cvm.

911 940 1317 1046 Numroreu
1362 973 1729 1044 saccatur.

639 1159 668 1224 l.
711 1157 811 1245 Lapis
834 1159 914 1225 eatis
939 1161 1047 1244 magni
1069 1159 1223 1244 ponderis
1244 1153 1421 1244 moliaque,
1454 1159 1504 1222 cui
1529 1157 1581 1222 bic
1604 1156 1715 1223 titulus
1738 1159 1911 1244 inscriptus
1934 1173 2002 1238 est,
2036 1179 2135 1244 nuper

511 1271 681 1337 admodum
702 1275 736 1337 in
758 1274 894 1359 imperio
911 1269 1083 1336 'l'unetano
1105 1275 1188 1336 inter
1210 1271 1345 1356 Bedjam
1371 1269 1501 1366 (aa),
1529 1268 1667 1336 Voccam
1681 1287 1824 1336 veterum
1843 1285 1876 1336 et
1890 1271 1960 1336 Kei
1972 1275 2135 1371 (dlxii),

511 1387 639 1455 Siccam
655 1389 837 1457 Veneream
850 1405 992 1456 veterum
1008 1391 1061 1477 (v.
1077 1389 1176 1456 Sbaw
1187 1387 1341 1475 Voyages
1357 1387 1397 1454 Τ.
1407 1387 1433 1468 Ι,
1453 1412 1484 1474 p.
1501 1395 1574 1453 228.
1592 1387 1673 1453 Tem
1677 1387 1757 1474 ple’s
1773 1389 1973 1455 Excursions
1989 1389 2033 1468 ll,
2053 1392 2135 1473 273)

508 1504 659 1568 inventus
680 1517 712 1569 et
731 1503 773 1570 ab
788 1503 834 1568 ill.
849 1525 895 1567 na
910 1503 1066 1582 scurra,
1089 1501 1257 1568 Danornm
1273 1502 1354 1586 apud
1370 1501 1558 1566 Tunetanos
1573 1522 1716 1588 proxeno
1735 1501 1775 1566 ab
1792 1502 1949 1588 epistolis,
1973 1501 2135 1567 Hauniam

512 1617 630 1680 missus
652 1629 701 1682 est
721 1616 832 1703 ibique
845 1619 878 1682 in
895 1615 1012 1682 Museo
1029 1630 1221 1682 asservatur.
1266 1613 1527 1679 Delineatiouem
1551 1616 1621 1678 eins
1645 1615 1764 1698 primus
1786 1617 1874 1680 dedit
1896 1615 2058 1694 Fannius,
2081 1638 2137 1680 rur

513 1727 783 1814 l’enplucemcnl
806 1729 847 1793 de
872 1727 1041 1814 Carllrcge
1064 1725 1129 1792 tab.
1144 1733 1175 1807 6,
1195 1751 1248 1792 no.
1262 1735 1300 1806 4,
1331 1727 1414 1791 unde
1437 1725 1539 1791 solam
1552 1727 1790 1811 inscriptionem
1805 1731 1939 1813 repetivi
1955 1727 2134 1816 Palaeogr.

514 1837 657 1906 Studien
671 1841 765 1906 tab.6
780 1863 925 1928 eamque,
941 1855 1106 1926 postquam
1121 1861 1192 1905 earn
1208 1837 1378 1926 legendam
1395 1840 1618 1924 desperaverat
1631 1839 1846 1926 lrindbergius
1869 1841 1882 1924 (
1890 1844 1971 1927 apud
1988 1839 2135 1905 Fulbium

513 1949 536 2018 l.
556 1975 581 2017 c.
605 1975 678 2040 pag.
696 1955 796 2038 106),
827 1957 949 2039 primus
972 1951 1131 2039 explicavi
1151 1949 1174 2015 l.
1195 1974 1221 2017 c.
1244 1975 1274 2038 p.
1289 1957 1331 2017 96
1349 1973 1417 2038 sqq.
1462 1949 1554 2027 Quae
1576 1951 1705 2038 quidem
1724 1951 1896 2039 explicatio
1918 1956 1951 2017 in
1973 1952 2153 2040 plerisque'

515 2064 704 2130 confirmata
730 2079 796 2145 est,
826 2069 859 2130 in
882 2065 956 2131 aliis
979 2067 1179 2130 retractanda
1200 2057 1279 2144 luit,
1312 2077 1478 2150 postquam
1503 2086 1620 2128 novum
1642 2065 1739 2151 idque
1755 2069 1936 2130 accuratius
1953 2061 2136 2152 exemplum

515 2199 622 2268 super
637 2179 708 2263 ipso
740 2175 845 2265 lapide
868 2179 987 2243 factum
1011 2179 1104 2263 (ride
1127 2176 1190 2242 tab.
1214 2181 1276 2260 22)
1304 2179 1337 2241 in
1360 2175 1456 2240 huius
1478 2177 1584 2262 operis
1607 2199 1699 2241 usum
1721 2176 1799 2240 mibi
1825 2181 1955 2242 miserat
1976 2174 2139 2242 Hoanaa·

514 2309 668 2356 nannius.
712 2289 999 2376 Exoptatissimum
1021 2303 1127 2354 autern
1150 2305 1218 2354 erat
1232 2288 1293 2354 boc
1308 2311 1425 2353 novum
1442 2286 1644 2373 exemplum,
1668 2311 1710 2354 ex
1726 2311 1788 2375 qno
1804 2305 1989 2375 appareret,
2012 2293 2137 2377 insigne

516 2403 675 2490 quoddam
696 2402 802 2468 bonae
824 2401 1046 2488 explicationis
1069 2401 1288 2482 obstaculum,
1319 2395 1402 2488 quod
1427 2403 1554 2464 nonnisi
1577 2403 1747 2466 audaciore
1770 2404 1953 2467 coniectura
1974 2426 2140 2468 remouere

516 2529 702 2603 potueram,
735 2517 769 2580 in
797 2513 903 2602 lapide
924 2515 994 2600 ipso
1018 2537 1080 2579 non
1104 2517 1248 2600 reperiri.
1298 2515 1424 2578 Etenim
1455 2511 1511 2577 lin.
1533 2521 1548 2578 1
1574 2511 1634 2578 litt.
1658 2519 1678 2578 7
1700 2517 1832 2578 minime
1856 2507 2056 2581 cruciformis
2079 2531 2139 2594 est,

516 2629 575 2693 aed
604 2627 650 2692 nil
676 2631 740 2693 nisi
769 2612 911 2706 Lomed,
946 2631 979 2691 in
1009 2650 1070 2714 quo
1101 2629 1272 2692 incidendo
1295 2625 1378 2692 aliae
1407 2627 1562 2713 quaedam
1589 2625 1705 2714 lapidis
1735 2625 1907 2713 particulae
1935 2628 1976 2693 ab
2002 2642 2140 2715 ,utraque

515 2739 642 2806 litterae
670 2757 761 2826 parto
791 2739 915 2806 solatae
942 2755 1026 2805 sunt.
1071 2731 1175 2820 „Die
1204 2739 1288 2804 nach
1313 2740 1373 2804 der
1402 2736 1497 2804 Seite
1525 2739 1757 2826 auagelrendeu
1791 2739 1902 2805 Theile
1930 2739 1987 2805 dee
2015 2740 2075 2824 bey
2097 2737 2140 2806 F.

516 2852 743 2940 lreuafb'rmr'g
763 2851 1001 2942 geneicllrteten
1023 2851 1232 2918 Buclrtubea
1253 2853 1331 2917 rt'ud
1350 2871 1413 2916 nur
1434 2851 1536 2916 durclr
1557 2851 1704 2937 lentium
1723 2853 1918 2918 eotrtandetr
1938 2853 2008 2918 and
2019 2853 2143 2932 finden

518 2966 588 3032 ried
612 2963 680 3046 aas
696 2967 765 3030 deta
788 2964 905 3031 Steine
924 2987 990 3052 gor
1008 2965 1110 3030 urolt.
1153 2964 1254 3048 Beym
1270 2963 1512 3030 Eindauender
1533 2963 1689 3029 aned
1708 2971 1753 3029 r'rl
1769 2942 1828 3030 der
1841 2962 1938 3031 stem
1958 2988 2002 3032 aa
2018 2966 2142 3052 heyden

520 3075 638 3146 Sallen
660 3079 766 3144 diceet
788 3077 998 3144 fluctuata
1014 3078 1119 3144 ledor
1140 3077 1290 3158 worden,
1313 3077 1382 3142 aad
1403 3076 1493 3142 diere
1514 3076 1642 3142 Licinn
1662 3083 1707 3141 iul
1723 3084 1783 3157 trit
1797 3085 1901 3144 clueat
1915 3081 2046 3164 kleenen
2063 3080 2142 3145 Rr‘n

394 3190 400 3203 ‘
518 3184 559 3259 ia
578 3198 676 3258 einen
698 3191 898 3258 bestimmten
920 3190 996 3278 Zug
1017 3189 1204 3256 redundes
1222 3190 1370 3270 worden,
1393 3191 1453 3254 der
1466 3189 1526 3276 bey
1540 3211 1728 3277 generet-er
1743 3189 1973 3280 Belroclrltmg
1986 3199 2022 3258 is
2035 3191 2143 3258 nt'cdlr

519 3304 758 3372 vertcdwe'ndet
784 3302 1034 3387 (Helleni.).“
1079 3303 1250 3367 Praeterea
1271 3299 1329 3366 lin.
1355 3309 1371 3366 1
1400 3299 1508 3366 littera
1528 3307 1566 3368 13
1589 3301 1731 3388 (Capi)
1760 3307 1891 3372 nonnisi
1918 3327 1982 3372 uno
2009 3303 2141 3371 branbio

519 3435 622 3506 eoque
650 3418 780 3480 sinistro
810 3417 932 3482 munita
960 3429 1028 3495 est,
1062 3411 1226 3502 vulgarem
1249 3416 1349 3516 igitur
1378 3435 1521 3480 normam
1544 3417 1686 3502 equitur
1694 3439 1704 3496 ;
1740 3415 1798 3484 liu.
1821 3425 1842 3484 2
1862 3415 1925 3484 litt.
1946 3427 1969 3486 4
1988 3418 2141 3502 (eleth)

519 3529 710 3620 simpliciter
732 3527 855 3594 duabus
878 3526 975 3594 lineis
997 3530 1195 3607 continetur,
1225 3549 1288 3595 uon
1312 3526 1545 3594 uncilormibns
1567 3524 1649 3606 illis,
1680 3541 1715 3598 ut
1736 3531 1817 3617 apud
1841 3529 2002 3598 Falbinm.

646 3735 677 3794 2.
721 3721 850 3790 'l'itulns
867 3717 1074 3812 praecedenti
1094 3721 1296 3808 simillimus,
1326 3725 1382 3791 red
1406 3724 1556 3804 brevior,
1584 3727 1629 3790 ita
1650 3723 1807 3812 legendus
1828 3741 1892 3793 cst:
1959 3749 1966 3762 ·

993 3885 1084 3958 ann
1113 3869 1147 3961 'a
1180 3861 1264 3990 rba
1298 3884 1373 3993 mr
1409 3862 1489 3964 lm
1520 3859 1622 3990 rusb

1121 4029 1165 4131 pn
1198 4028 1273 4132 pm
1304 4003 1510 4109 beennon
1541 4003 1622 4133 nbp

1027 4253 1031 4264 ,
1161 4147 1373 4278 plantam
1406 4175 1451 4277 ra
1482 4148 1621 4254 baran

689 4319 859 4396 Donn'nc‘
883 4319 1007 4396 Bauli
1029 4321 1181 4415 dolori,
1211 4324 1301 4421 regt'
1322 4335 1498 4414 aeterno,
1533 4323 1604 4422 qui
1625 4325 1827 4400 eenudtbtl

691 4477 799 4526 vocer
825 4451 1096 4527 Hocomsdolt'c
1121 4453 1398 4552 (Hiempsalis)
1423 4453 1600 4544 Dcmt'm',
1623 4453 1714 4545 ι61ιῖ

688 4576 904 4672 mactata,
925 4581 1016 4674 filit
1036 4583 1320 4680 Magst'dalertte.

641 4759 795 4826 Formula
815 4764 881 4850 abs>
904 4779 975 4829 aab
998 4760 1029 4830 '9
1049 4764 1114 4848 'pits
1136 4778 1199 4848 ἵνα)
1222 4765 1284 4833 ¹:3²
1307 4764 1384 4850 posi
1409 4761 1520 4826 eadem
1544 4777 1611 4841 est,
1635 4781 1715 4848 quae
1736 4764 1769 4825 in
1794 4760 2001 4846 praecedente
2023 4759 2141 4850 lapide,

514 4875 578 4938 nisi
597 4874 682 4957 quod
701 4873 891 4941 vocabulum
913 4877 977 4964 'son
1006 4874 1038 4939 b.
1054 4873 1076 4939 l.
1098 4874 1191 4960 plene
1205 4879 1359 4963 scriptum
1375 4889 1443 4950 est,
1466 4887 1498 4938 et
1514 4895 1572 4960 pro
1589 4891 1651 4961 unu
1677 4875 1782 4968 (larg)
1804 4875 1836 4937 in
1853 4871 1912 4936 bac
1931 4875 2141 4960 inscriptione

514 4983 650 5050 habetur
677 5003 739 5076 pn:
763 4991 881 5084 (3732),
920 5003 956 5055 nt
982 4985 1115 5054 Numld.
1136 4991 1214 5066 3,t
1244 5003 1276 5053 et
1301 4995 1333 5069 4,
1356 4991 1392 5067 3,
1432 5005 1454 5053 :t
1479 5001 1512 5050 et
1534 5009 1557 5056 rr
1579 4989 1663 5052 inter
1690 5007 1726 5050 se
1748 4985 1936 5070 permutatis
1959 4983 2014 5070 (v.
2039 4987 2138 5056 Thes.

511 5095 587 5182 ling.
611 5096 702 5166 hebr.
724 5099 764 5167 Τ.
780 5099 805 5166 1.
827 5123 858 5189 p.
873 5106 969 5184 436).
1013 5100 1051 5184 ln
1074 5099 1210 5188 singulis
1233 5099 1349 5166 litteris
1371 5115 1413 5166 etr
1436 5113 1546 5164 nostro
1563 5097 1747 5186 apographo
1765 5095 1846 5161 nihil
1864 5097 1932 5161 lere
1950 5097 2139 5168 offensionis

394 5301 398 5312 .
511 5224 665 5295 superest.
713 5211 750 5277 ln
778 5212 937 5280 vocabulo
964 5231 1047 5307 pbr),
1085 5216 1169 5302 quod
1199 5215 1312 5280 eodem
1344 5215 1438 5280 modo
1461 5215 1580 5299 pictum
1604 5209 1705 5274 habes
1727 5207 1858 5276 Numid.
1879 5215 1899 5277 3
1922 5223 1956 5276 et
1977 5219 2016 5293 4,
2047 5211 2137 5282 Mem

508 5319 726 5412 imperfectius
747 5339 815 5408 est,
843 5327 968 5396 duobus
990 5343 1114 5395 tuntum
1136 5327 1280 5414 apicibus
1303 5329 1475 5408 munitum,
1508 5338 1543 5391 ut
1566 5321 1663 5392 ert?
1683 5323 1736 5411 (in
1760 5325 1853 5412 nnn).
