4922 6300
508 659 584 738 256
634 655 769 725 LIBER
784 651 1030 724 SECUNDUS.
1064 649 1402 722 lNSCliIP'l'lONllS
1416 650 1700 720 PHOENICIAE.
1730 649 1878 724 CAPUT
1892 649 2069 722 NONUM

508 846 607 913 verba
628 845 816 932 explicaturi
838 858 1042 929 nostramque
1066 845 1135 906 eius
1155 843 1448 928 interpretationem
1470 841 1664 908 vindieaturi
1686 861 1806 906 sumus
1850 839 1925 918 Quo
1946 841 2075 927 quidem
2093 843 2128 908 iu

507 962 637 1048 negotio
659 956 756 1024 facile
778 958 904 1043 quidem
926 955 1099 1042 largimur,
1129 977 1188 1020 nos
1206 955 1343 1020 fortasse
1363 957 1397 1018 iu
1418 953 1480 1020 boo
1501 951 1599 1020 illove
1622 953 1722 1021 verbo
1743 951 1935 1040 explicando
1952 967 2130 1020 eorreoturn

508 1077 548 1138 iri
570 1073 611 1138 ab
635 1069 875 1136 antediluviano
896 1067 954 1132 illo
977 1068 1126 1148 bomine,
1156 1071 1211 1155 qui
1236 1069 1320 1152 (nisi
1342 1067 1464 1133 fraudis
1485 1069 1550 1131 iem
1571 1089 1691 1154 poenas
1714 1066 1822 1148 dedit)
1849 1051 2025 1132 etiamnum
2046 1066 2130 1152 apud

509 1185 697 1252 Melitenses
726 1197 889 1268 superstes
918 1185 994 1246 erit:
1030 1193 1206 1246 eorreetum
1229 1183 1271 1244 iri
1293 1183 1390 1244 etiem
1412 1179 1453 1244 eb
1476 1178 1545 1259 bis,
1579 1183 1633 1265 qui
1653 1182 1687 1243 iu
1710 1175 1759 1242 ill.
1781 1175 1982 1244 Marebiouis
2004 1179 2131 1266 seriptis

509 1301 671 1384 doctisque
700 1296 740 1361 de
768 1297 886 1359 mundo
915 1293 1154 1360 antediluvisno
1178 1291 1297 1358 fabulis
1319 1297 1422 1379 magis
1445 1315 1538 1379 quam
1562 1314 1621 1356 nos
1643 1294 1764 1356 versati
1786 1305 1875 1356 sunt:
1911 1291 1945 1356 id
1968 1311 2044 1355 vero
2067 1311 2130 1382 noo

509 1409 601 1476 nobis
630 1411 709 1472 vitio
737 1419 863 1472 vertent
892 1409 1009 1472 eruditi
1039 1407 1205 1485 homiues,
1247 1407 1303 1471 sed
1332 1407 1451 1470 ruetioo
1481 1419 1514 1470 et
1543 1405 1670 1470 suotioio
1700 1402 1784 1468 tituli
1813 1403 1976 1480 idiomati,
2009 1423 2132 1489 nosque

508 1523 614 1589 offieio
642 1533 753 1585 nostro
782 1520 978 1586 satisfecisse
1008 1518 1103 1586 nobis
1132 1517 1330 1597 videbimur,
1367 1518 1423 1582 ubi
1452 1521 1755 1595 monstraverimus,
1786 1537 1890 1603 neque
1912 1515 2131 1594 Pboeoieiam,

508 1657 610 1723 neque
639 1632 824 1698 Hebraeum
850 1633 951 1698 luisse
980 1631 1251 1696 antediluvianam
1281 1629 1370 1694 illam
1399 1629 1563 1716 linguam,
1599 1632 1656 1695 aed
1687 1629 1917 1695 hodiernorum
1939 1631 2132 1696 sustinerem

508 1747 728 1814 Melitensium
751 1747 860 1832 pauois
888 1747 992 1830 iisque
1015 1740 1191 1809 tritissimis
1213 1741 1378 1808 vocabulis
1401 1742 1561 1807 Hebraeis
1584 1755 1804 1828 temperatam.
1983 1745 1985 1750 ’

634 1859 710 1925 Liu.
733 1864 764 1923 1.
806 1860 902 1928 nitere
926 1876 987 1928 ιιιιι
1007 1856 1135 1922 arabice
1157 1855 1360 1921 scribendum
1383 1869 1452 1920 erat
1467 1855 1585 1930 ΜΗ
1612 1859 1666 1952 lii,
1696 1857 1754 1920 sed
1777 1867 1887 1920 auctor
1907 1853 2006 1935 etymi
2026 1853 2132 1918 minua
2185 1845 2187 1858 '

509 1983 629 2068 peritus
658 1979 766 2044 omisit
793 1993 835 2056 s,
872 1979 987 2064 quippe
1016 1980 1051 2041 in
1080 1975 1193 2063 lingua
1223 1973 1387 2040 Melitensi
1416 1977 1450 2038 io
1481 1972 1543 2038 boe
1573 1971 1673 2037 verbo
1707 1971 1949 2058 pronunciando
1979 1973 2131 2036 omissum

510 2091 626 2178 (Vass.
648 2089 732 2154 Lex.
755 2111 785 2174 p.
811 2095 863 2154 78.
894 2088 1036 2154 Gratum.
1059 2111 1090 2174 p.
1116 2089 1209 2172 167).
1260 2087 1321 2164 His
1343 2085 1451 2150 verbis
1473 2097 1579 2150 autem
1607 2085 1823 2170 inscriptionis
1851 2097 1963 2148 auctor
1989 2079 2132 2150 alludere

509 2203 639 2269 volebat
654 2201 694 2266 ad
709 2199 977 2286 significationem
995 2204 1134 2266 nominis
1150 2203 1269 2279 Atlas,
1296 2200 1336 2264 de
1352 2221 1413 2286 quo
1427 2197 1581 2263 Eumelus
1598 2195 1803 2282 Cyrenaeus,
1833 2197 1976 2262 eiusdem
1992 2193 2133 2261 fabricae

508 2319 660 2402 scriptor:
697 2311 759 2392 „le
788 2335 864 2378 nom
892 2311 1023 2378 d'Atlas
1052 2326 1127 2377 veut
1156 2313 1223 2377 dire
1253 2311 1391 2376 montbe.
1444 2308 1492 2375 Ce
1520 2313 1647 2377 dernier
1670 2312 1757 2374 vient
1785 2309 1825 2373 de
1853 2329 1891 2373 ee
1913 2329 1974 2395 que
1994 2307 2131 2374 l'aoelen

377 2495 381 2502 ,
509 2427 618 2506 Atlas,
643 2425 696 2492 fils
715 2426 755 2489 de
778 2424 925 2512 Neptune
942 2440 975 2491 et
988 2430 1127 2512 premier
1142 2427 1192 2490 roi
1207 2425 1247 2490 de
1264 2423 1471 2502 l'Atlautide,
1494 2425 1630 2488 montoit
1644 2435 1782 2488 souvent
1794 2443 1850 2486 sur
1863 2433 1946 2486 eette
1961 2435 2133 2510 montague

509 2567 591 2632 pour
620 2539 772 2606 observer
799 2537 848 2604 les
876 2551 997 2618 astrea,
1031 2517 1159 2604 obienee
1193 2537 1274 2602 dans
1311 2536 1343 2602 la
1371 2535 1476 2625 quelle
1504 2535 1529 2600 il
1558 2535 1636 2600 troie
1664 2535 1898 2600 extrimement
1925 2533 2061 2600 serab.“
2092 2545 2163 2586 -*

510 2685 596 2752 'tinto
615 2699 675 2765 pro
697 2673 802 2766 nibli,
835 2687 871 2738 ut
894 2671 1001 2760 paullo
1022 2687 1094 2760 post
1113 2687 1210 2762 ἰι-ιιι
1231 2636 1413 2770 ριοῖζῦᾋ),
1448 2687 1481 2737 ιι
1502 2671 1603 2737 ttae
1632 2687 1750 2758 ἰιΰιιιςΙ
1770 2671 1835 2757 lpro
1853 2669 1947 2774 tal·
1990 2666 2135 2735 Noverat

508 2801 644 2866 fortasse
672 2792 822 2860 falsarius
850 2815 894 2858 ex
921 2790 1139 2875 Bartbelemyi
1167 2790 1259 2857 libris
1297 2791 1398 2877 (quoa
1426 2793 1458 2854 ei
1490 2792 1669 2854 innotuisse
1697 2811 1795 2874 supra
1827 2787 2009 2873 uidimus),
2045 2789 2133 2875 apud

508 2912 686 2980 Phoenices
717 2926 739 2976 ιι
769 2905 895 2970 articuli
924 2917 1033 2970 notam
1061 2904 1177 2968 fuisse:
1214 2905 1272 2970 aed
1301 2903 1365 2984 sibi
1390 2925 1455 2969 uon
1484 2905 1641 2980 constitit,
1678 2913 1711 2964 et
1732 2899 1919 2990 plerumque
1942 2901 1986 2990 big
2005 2902 2134 2988 aeripsit

508 3045 597 3090 more
625 3018 857 3085 Melitensium.
906 3015 942 3081 ln
972 3015 1073 3082 verbo
1102 3033 1184 3102 pnes
1205 3058 1228 3076 -
1251 3035 1264 3086 τ
1291 3029 1341 3080 est
1367 3037 1405 3080 ta
1436 3015 1489 3080 vel
1518 3037 1574 3096 aa,
1604 3015 1722 3092 donee,
1757 3015 1842 3100 quod
1872 3035 1914 3079 ex
1933 3012 2023 3079 arab.
2045 3033 2133 3118 0⁴³⁸>

418 3169 420 3174 ’
508 3153 705 3209 contractum
725 3137 852 3202 videtur
873 3135 987 3220 (Vasa.
1010 3135 1093 3199 Lex.
1116 3155 1146 3220 p.
1173 3139 1234 3200 583
1265 3135 1304 3198 de
1324 3133 1410 3232 §acy
1432 3138 1465 3199 iu
1487 3133 1623 3200 Journal
1644 3133 1701 3198 dea
1725 3131 1850 3199 Sauene
1874 3139 1956 3199 1829
1976 3155 2008 3221 p.
2030 3136 2130 3216 201)ι

509 3297 579 3368 pff!
607 3237 682 3378 g}
704 3271 849 3360 gdyrol,
877 3270 1000 3357 gderel
1030 3269 1148 3356 (Vass.
1169 3275 1242 3335 321.
1263 3271 1344 3355 325)
1368 3269 1566 3350 submersio,
1599 3272 1639 3335 de
1660 3271 1751 3334 ouius
1773 3266 1921 3333 vocabuli
1942 3271 1974 3333 in
1998 3267 2133 3357 „lingua

510 3394 703 3462 Atlantioa“
724 3413 785 3456 usn
806 3391 1021 3454 testimouium
1045 3387 1201 3455 babemus
1224 3387 1351 3453 Eumali
1373 3385 1532 3472 Cyrenaei
1554 3390 1606 3476 (p.
1626 3389 1683 3474 8)=
1713 3387 1844 3474 „Argo
1866 3409 1907 3452 ou
1930 3387 2049 3475 Argu,
2079 3389 2132 3476 qui

473 3551 476 3559 ¹
508 3553 550 3596 en
585 3528 703 3616 langue
738 3527 795 3590 des
829 3523 975 3590 Atlantes
1009 3523 1138 3612 siguifie
1166 3525 1362 3590 foundation
1383 3537 1415 3586 et
1439 3523 1689 3600 suomet-sem,
1719 3537 1814 3610 *splen
1837 3549 1879 3582 =
1899 3507 1950 3628 pb}
1971 3545 2020 3608 pr.
2043 3525 2132 3589 locas

510 3655 651 3740 perietis,
690 3645 1065 3712 terraconensem.
1088 3641 1242 3708 habitetis
1268 3641 1435 3708 homiuum
1457 3643 1506 3728 (q.
1521 3643 1551 3705 d.
1574 3643 1632 3734 §pp
1654 3643 1716 3736 peip
1739 3657 1840 3738 nepueu
1865 3639 1946 3706 Gen.
1969 3643 2029 3729 8),
2058 3651 2131 3712 anm

508 3776 587 3854 ,spa
609 3757 749 3828 soleled
769 3753 887 3842 (Vass.
909 3754 992 3840 632)
1013 3755 1125 3822 adluit.
1147 3793 1192 3808 -
1212 3757 1301 3846 pins
1321 3755 1412 3846 velte
1439 3751 1535 3838 Cooj.
1556 3751 1604 3818 lll
1631 3753 1672 3818 ab
1701 3757 1750 3822 No
1772 3753 1912 3818 venitin
1934 3759 2132 3841 superiorem

508 3883 691 3970 regionem:
729 3876 845 3948 ntenttb
875 3895 940 3938 uon
969 3872 1091 3939 arabiei
1117 3872 1140 3938 l.
1172 3871 1351 3940 melitensis
1380 3874 1542 3937 idiomatis
1562 3885 1611 3938 est
1632 3871 1688 3960 (iu
1708 3893 1771 3960 quo
1793 3892 1886 3938 mous
1908 3885 1994 3938 esset
2012 3879 2131 3968 359),

509 4000 567 4064 aed
589 3997 742 4074 debr-oei,
772 4007 805 4058 et
826 3991 919 4079 plene
941 3995 1113 4078 seriptum,
1143 4004 1181 4055 ut
1202 3994 1236 4056 iu
1261 3989 1437 4074 Cyrenaica
1458 4007 1572 4078 sps-re
1587 4013 1647 4077 pro
1661 4008 1764 4087 ruppe.
1807 3989 1859 4056 Ad
1873 3994 1975 4078 ἰριιιιι
1990 3991 2131 4058 fabulam
2207 4025 2212 4032 »

508 4110 573 4174 vid.
597 4107 678 4172 Plat.
698 4105 831 4172 Critiam
854 4129 884 4192 p.
901 4109 962 4170 113
985 4105 1025 4170 de
1047 4103 1212 4170 Atlantide
1231 4101 1352 4168 insula:
1375 4103 1453 4189 πρὸς
1470 4103 1633 4186 θαλάττης
1651 4105 1727 4188 μὲν,
1757 4102 1837 4169 κατὰ
1860 4104 2133 4190 diminuendam

508 4223 612 4288 πεδίον
633 4211 689 4304 ἦν,
718 4217 735 4284 ὃ
758 4220 796 4301 δι)
820 4215 945 4282 πάντων
965 4217 1078 4284 πεδίων
1101 4213 1264 4282 κάλλιπον
1285 4214 1380 4304 ἀρετῇ
1400 4242 1433 4284 τι
1451 4216 1555 4282 ἱκανὸν
1569 4215 1713 4302 γενέσθαι
1729 4215 1855 4303 λέγεται.
1886 4215 1964 4302 πρὸς
1976 4223 2021 4306 τῷ
2035 4220 2131 4306 πεδίῳ

508 4335 540 4400 d‘
567 4326 606 4400 ab
630 4329 708 4398 κατὰ
730 4331 825 4414 μέσον
847 4331 991 4406 σταδίους
1013 4325 1056 4405 ὡς
1079 4327 1267 4414 πεντήκοντα
1287 4327 1422 4416 ἀφιστὰς
1442 4321 1481 4414 ἦν
1502 4327 1576 4414 ὄρος
1595 4331 1697 4417 βραχὺ
1719 4327 1832 4418 πάντῃ.

638 4463 715 4530 Lin.
745 4468 776 4526 2.
819 4462 975 4531 annosa·
1009 4457 1097 4524 arab.
1131 4459 1305 4552 [phe-lm,
1334 4459 1433 4526 melit.
1451 4459 1585 4539 fortla‚
1606 4482 1637 4524 v.
1655 4459 1772 4526 ι1ι1ιιι
1794 4459 1949 4547 particula
1967 4457 2133 4526 Meliteosi

370 4665 372 4670 Ι
508 4585 605 4649 Vasa.
629 4585 701 4646 204.
729 4581 770 4644 de
789 4579 871 4664 Seoy
891 4578 913 4646 l.
936 4603 963 4645 e.
999 4599 1043 4648 ιιι
1065 4576 1164 4642 melit.
1188 4578 1232 4642 du
1253 4577 1319 4655 ibi,
1342 4600 1373 4663 p.
1391 4584 1462 4646 140.
1488 4579 1818 4668 „Maxmwegus
1839 4579 2059 4646 Atlantidie“
2081 4592 2132 4644 est

508 4696 659 4785 ogyges,
683 4715 799 4759 novem
822 4715 933 4780 regum
951 4690 1127 4758 Atlantidis
1148 4711 1312 4768 summor,
1341 4693 1396 4776 qui
1417 4705 1498 4756 teste
1519 4691 1657 4758 Eumalo
1677 4692 1837 4759 Atlantidi
1860 4707 2002 4778 tempore
2019 4689 2131 4757 diluvii

508 4808 697 4896 imperabat.

636 4943 709 5008 Lin.
731 4948 762 5008 3.
805 4945 889 5014 *tibet
909 4922 1023 5033 Ubii,
1060 4961 1118 5025 pro
1147 4961 1209 5026 quo
1237 4936 1427 5006 Melitenses
1453 4936 1550 5026 vulgo
1573 4941 1767 5006 contractius
1790 4943 1871 5047 ello,
1904 4941 1985 5005 adeo
2008 4941 2041 5024 ly
2060 4959 2132 5026 pro·

511 5100 674 5162 nunciant.
716 5114 801 5166 ester:
823 5117 894 5160 esse
916 5093 1041 5157 videtur
1061 5114 1082 5154 a
1101 5065 1147 5196 ᾧ]
1169 5094 1312 5158 constitit
1333 5093 1366 5154 iu
1388 5089 1496 5178 aliquo
1517 5089 1590 5156 loeo
1611 5093 1634 5154 i.
1656 5114 1686 5176 q·
1710 5093 1784 5192 ¹dil,
1804 5095 1868 5157 nisi
1890 5093 1972 5158 forte
1992 5093 2064 5194 Uia
2083 5105 2133 5156 est

510 5238 567 5303 pro
581 5219 654 5300 'r‘o'up
672 5213 784 5279 hortus
799 5233 953 5277 amoenus
967 5209 1019 5274 vel
1035 5233 1055 5274 a
1067 5213 1141 5312 olas
1158 5211 1379 5288 commoratio,
1395 5229 1496 5272 more.
1519 5209 1557 5274 lu
1574 5210 1662 5276 »ιιι
1676 5251 1698 5269 .
1712 5211 1734 5276 n‘
1749 5223 1797 5276 est
1811 5209 1959 5292 melinf'
1970 5215 2059 5298 ἐξ
2085 5215 2132 5275 in.

510 5386 592 5438 nnus
614 5331 732 5461 sige,
762 5362 862 5430 melit.
885 5365 991 5430 duero
1012 5361 1100 5426 orbis
1123 5359 1222 5426 Vass.
1243 5365 1314 5424 151.
1361 5356 1457 5424 Orbis
1478 5360 1556 5425 solit
1576 5361 1725 5426 videntur
1747 5363 1922 5429 dictasse.
