5004 6306
605 715 610 731 ·
732 676 850 746 ntum
868 673 1372 746 ‘inomacmmosman
1407 674 1457 745 n
1479 673 1631 744 smum
1647 679 1695 738 rr
1721 681 1771 740 us
1793 681 1846 742 tat
1920 671 1997 754 aiii

265 959 268 973 .
363 885 461 955 neue
500 889 560 954 pro
592 879 727 954 omem,
768 869 852 954 quod
886 889 965 932 sane
1000 865 1180 954 legitimum
1212 879 1266 930 est
1301 863 1396 952 (cum
1437 883 1460 932 te
1498 866 1604 949 ert.);
1639 867 1772 932 'hiabat
1814 885 1871 950 pro
1908 864 1996 930 areb.

363 968 456 1073 {till
475 983 521 1063 ’.τ
540 988 637 1098 lippe-r
666 1003 1008 1095 admodsm'ia'ertdos.
1051 1003 1161 1088 Pingit
1179 1005 1295 1081 enirn,
1329 994 1481 1066 Sidonios
1512 999 1574 1105 hae
1595 998 1769 1086 epigraphe
1791 1001 1998 1086 respondisse

366 1126 543 1187 vicinorum
561 1120 735 1206 Tyriorum
756 1121 943 1209 metropolis
967 1122 1109 1186 bonores
1130 1119 1193 1185 sibi
1215 1121 1432 1208 arrogantium
1457 1121 1469 1204 (
1480 1139 1508 1186 r.
1534 1141 1585 1184 uo.
1598 1117 1624 1198 l,
1640 1141 1670 1205 p.
1686 1117 1767 1202 263)
1790 1117 1994 1185 insolentiae.

364 1233 498 1324 Duplex
519 1256 596 1304 vero
619 1257 734 1319 caussa
755 1249 821 1316 est,
852 1259 908 1300 our
931 1239 964 1300 in
988 1235 1071 1300 hanc
1089 1236 1282 1304 sententiam
1303 1215 1479 1298 concedere
1500 1255 1567 1308 non
1590 1236 1723 1320 possim.
1763 1230 1876 1297 Altera
1891 1256 1998 1320 gram·

366 1374 485 1440 metica
520 1385 571 1436 est
604 1387 637 1436 et
670 1369 893 1458 philologiae:
940 1371 1101 1457 siquidem
1134 1371 1345 1448 adiectivum,
1396 1369 1481 1453 quod
1517 1370 1711 1454 respondeat
1740 1367 1871 1434 arabico
1908 1331 1995 1438 itit‘si

365 1491 534 1580 phoenicia
557 1490 762 1556 scribendum
785 1505 836 1556 est
856 1507 950 1560 nnete
971 1487 1024 1554 vel
1048 1493 1153 1577 potius
1170 1505 1265 1558 tancre
1288 1489 1436 1574 (sinete,
1460 1489 1499 1552 ad
1523 1487 1660 1551 formam
1677 1486 1807 1578 abige),
1831 1501 1996 1572 praeterea

367 1603 569 1670 substantivo
592 1604 861 1690 postponendum,
900 1625 1002 1691 neqne
1025 1601 1123 1668 facile
1144 1601 1242 1670 aliam
1266 1623 1360 1688 quam
1378 1621 1560 1688 perversae
1582 1597 1850 1686 significationem
1874 1598 1995 1666 habero

367 1731 491 1802 potest:
527 1715 629 1782 altera
664 1718 704 1782 ad
736 1732 959 1804 argumentum
988 1731 1130 1801 spectat,
1168 1719 1243 1803 quia
1278 1715 1500 1780 huiuscemodi
1528 1716 1674 1776 convicta
1700 1712 1835 1776 moneta
1867 1711 1996 1798 publiea

366 1833 400 1894 in
429 1828 510 1894 alias
540 1829 636 1898 nrbes
665 1813 829 1896 iactatas
856 1831 1087 1894 consuetudine
1117 1842 1259 1894 veterum
1295 1843 1328 1893 et
1358 1828 1399 1892 ab
1433 1831 1544 1890 innato
1575 1826 1713 1911 quodam
1744 1823 1924 1890 honestatis
1960 1839 1994 1892 et

368 1942 549 2030 elegantiae
580 1963 677 2008 sensu
699 1965 834 2030 prorsus
855 1942 961 2007 aliena
984 1957 1015 2006 et
1037 1957 1205 2028 propterea
1226 1945 1296 2006 sius
1318 1939 1385 2006 ullo
1406 1937 1557 2024 exemplo
1579 1949 1664 2002 sunt.
1695 1935 1796 2001 'Vaui
1817 1952 1850 2001 et
1871 1941 1996 2025 magni·

366 2053 455 2140 loqui
482 2077 555 2120 esse
581 2055 687 2121 solent
715 2059 874 2122 eiusmodi
904 2054 1005 2133 tituli,
1041 2076 1201 2141 nunquam
1236 2058 1269 2118 in
1290 2053 1373 2118 alios
1395 2039 1548 2116 invidiosi
1570 2065 1602 2114 et
1623 2049 1858 2115 contumeliosi.
1899 2049 1995 2119 Hane

367 2170 469 2254 ipsam
500 2167 542 2232 ob
571 2187 702 2234 cansam
730 2161 827 2234 etiam
849 2168 906 2233 alii
927 2163 1183 2253 interpretationi
1207 2166 1289 2232 nihil
1312 2165 1499 2244 tribuerim,
1534 2163 1567 2229 in
1592 2182 1687 2250 qnam
1710 2181 1811 2248 nuper
1834 2185 1995 2232 nonnemo

367 2281 498 2360 incidit,
530 2280 790 2348 Hemalterianae
811 2280 967 2360 similem,
998 2281 1055 2345 sed
1077 2283 1163 2344 iutra
1184 2276 1345 2345 hebraeae
1366 2278 1496 2366 linguae
1519 2273 1602 2342 fln'es
1624 2299 1660 2342 se
1684 2280 1917 2342 continentemt
1988 2295 1991 2305 ’

943 2453 992 2503 as
1014 2452 1084 2502 nea
1107 2452 1174 2520 aa:
1197 2449 1289 2504 nsua
1311 2425 1412 2502 erasi
1436 2430 1439 2441 '
1463 2423 1466 2431 λ

673 2565 901 2651 Sidoniorum,
933 2577 991 2657 qus·
1011 2578 1244 2656 percusserunt
1265 2575 1302 2634 ἐκ
1323 2575 1378 2634 t'ra
1398 2587 1545 2636 sororem
1568 2565 1686 2649 Tyrum

368 2727 392 2789 i.
413 2745 443 2810 q.
472 2725 526 2809 qui
548 2723 677 2810 penitus
699 2735 924 2806 percusserunt
945 2735 977 2784 et
998 2722 1150 2808 fugarunt
1175 2719 1298 2805 'l'yruur
1317 2741 1461 2783 sororem
1485 2718 1570 2802 (non
1585 2718 1756 2800 matrem:
1781 2719 1864 2802 quod
1880 2718 1994 2784 referri

371 2849 495 2923 poterat
524 2836 564 2899 ad
586 2837 737 2898 victorias
759 2835 791 2897 in
817 2833 912 2899 bellis
945 2831 1092 2899 civilibus
1118 2833 1359 2922 Seleucidarum
1389 2853 1408 2894 a
1437 2829 1580 2894 Sidoniis
1610 2829 1649 2892 de
1680 2825 1809 2913 Tyriis,
1848 2831 1994 2896 diversae

370 2950 453 3014 lorte
481 2947 631 3011 factionis
658 2948 831 3026 studiosis,
870 2961 1058 3034 reportatas.
1109 2942 1154 3012 Ut
1176 2947 1280 3012 dicam
1300 2945 1395 3031 ,quod
1423 2945 1546 3020 sentio,
1584 2953 1648 3006 tres
1680 2941 1775 3007 huius
1804 2943 1995 3030 epigraphes

370 3059 496 3125 litterae
518 3075 586 3126 :ns
610 3055 702 3124 ttae
725 3059 873 3124 videntur
890 3038 1058 3126 scribenda·
1071 3060 1262 3148 compendio
1283 3055 1390 3144 (libi
1414 3059 1442 3137 ἦ.
1459 3057 1520 3140 37)
1542 3069 1633 3135 esse,
1668 3057 1701 3118 in
1724 3045 1839 3142 quibus
1864 3057 1995 3120 nomina

371 3175 499 3260 propria
519 3173 682 3236 civitatum
704 3193 724 3248 a
747 3171 889 3236 Sidoniis
911 3175 1130 3254 conditarum,
1164 3191 1245 3260 quae
1265 3153 1394 3238 tandem
1416 3189 1540 3256 cunque
1562 3165 1638 3232 illae
1662 3181 1753 3248 sunt,
1772 3164 1909 3250 lateant,
1932 3189 1996 3257 qna

371 3289 494 3351 ratione
516 3285 667 3372 adoptata
689 3283 863 3368 epigraphe
884 3287 930 3348 ita
950 3281 1016 3370 legi
1044 3287 1163 3373 possit:

696 3415 831 3517 0273&
1183 3396 1187 3409 Ι
1431 3419 1682 3531 Sidoniorum

638 3561 674 3647 '2
703 3559 744 3648 ‘n
765 3557 806 3652 sn
837 3577 895 3648 nst
965 3573 970 3582 '
1217 3555 1358 3629 matris
1384 3555 1514 3645 cittii,
1547 3553 1728 3644 Melitae,
1752 3555 1897 3651 Beryto·

667 3707 754 3783 nna
795 3711 852 3810 titt
1426 3691 1518 3762 dem
1543 3690 1690 3762 sororis
1732 3695 1735 3729 ²

738 3845 796 3918 'ta
1506 3823 1609 3922 litti-
1662 3903 1667 3918 .

501 3990 638 4058 Minime
659 3993 746 4059 enim
766 3988 979 4078 improbabile
1000 4001 1051 4054 eet
1070 3985 1277 4075 magnificum
1296 3996 1414 4056 nstris
1435 3987 1804 4063 &demonstrassem
1823 4005 1889 4072 quo
1902 3981 1997 4069 Tyrii

373 4107 486 4174 Mem
509 4118 651 4192 tempore
672 4107 706 4170 in
725 4106 830 4170 usmis
853 4106 898 4168 nti
920 4115 1094 4189 coeperant
1114 4101 1206 4188 (ride
1225 4100 1341 4188 nol),
1365 4106 1462 4168 etism
1477 4103 1684 4168 Sidoniorum
1703 4101 1815 4168 orben
1838 4097 1997 4165 aemulam

374 4223 547 4296 incitasse,
583 4231 618 4282 ut
648 4218 688 4282 da
715 4215 906 4283 honorificis
925 4214 1026 4282 titulis
1048 4215 1114 4282 sibi
1134 4217 1174 4282 ‚in
1197 4227 1327 4282 moneta
1348 4215 1527 4282 tribuendis
1547 4219 1727 4303 cogitaret,
1755 4216 1900 4300 adeoque
1917 4209 1999 4276 illud

306 4375 308 4382 ι
374 4339 497 4400 moris
531 4330 612 4415 Tyn·
638 4327 802 4424 epitheton
832 4329 1066 4415 quodammodo
1099 4331 1281 4412 oppositum
1309 4351 1381 4401 esse
1410 4335 1614 4417 arrogantiae
1646 4325 1728 4412 'l'yri
1765 4330 1864 4392 tetius
1895 4323 1999 4390 Phoe·

375 4449 463 4510 nicea
503 4465 538 4509 se
576 4455 710 4507 matrem
747 4439 953 4528 appellantis:
996 4441 1091 4504 modo
1130 4438 1170 4535 ab
1206 4443 1367 4508 invidioso
1403 4457 1437 4510 et
1464 4446 1587 4508 rusdoo
1627 4442 1849 4508 contentionis
1869 4453 1998 4523 ‚genere

376 4581 432 4624 eos
454 4561 488 4622 in
511 4556 562 4622 his
583 4557 797 4621 monumentis
820 4552 1012 4617 abstinuisse
1036 4565 1193 4636 putamus.
1238 4553 1301 4618 Sed
1327 4558 1412 4642 agite
1435 4559 1500 4622 iam
1524 4569 1663 4621 nostram
1688 4555 1869 4639 opinionem
1893 4545 1998 4633 paullo

375 4673 555 4768 accuratius
577 4667 773 4754 explicemus
796 4681 828 4730 et
850 4689 869 4730 a
891 4662 1144 4731 dubitationibus
1167 4668 1378 4733 vindicemus.

504 4831 554 4897 Ao
570 4839 711 4920 primum
733 4829 815 4896 forto
831 4829 1001 4894 offenderit
1016 4825 1131 4911 aliquis
1148 4829 1179 4889 in
1195 4847 1235 4889 eo
1250 4831 1334 4913 quod
1349 4833 1529 4903 iunximus:
1554 4827 1775 4906 Sidoniorum,
1797 4833 1914 4891 matria
1928 4840 2000 4905 eto,

377 4945 532 5032 uobisque
561 4957 706 5009 occurrat
733 4965 805 5008 cum
833 4939 1020 5006 Hamakero
1048 4937 1071 5003 l.
1095 4963 1142 5019 c.,
1180 4941 1211 5004 id
1243 4962 1263 5002 a
1292 4945 1421 5024 syntaxi
1449 4942 1589 5007 alienum
1618 4963 1709 5018 esse,
1748 4961 1829 5025 quae
1861 4940 2001 5024 requirat

378 5076 422 5127 ott
452 5061 545 5140 1125.
598 5055 660 5121 Cui
690 5055 939 5143 respondemus,
978 5053 1060 5118 hanc
1092 5067 1282 5119 structuram
1312 5057 1346 5117 in
1374 5057 1501 5141 graecis
1528 5075 1651 5157 qnoque
1685 5052 1798 5117 borum
1834 5073 2001 5115 numerum

239 5225 242 5236 .
278 5165 280 5170 ’
379 5169 561 5256 epigraphis
591 5173 831 5236 usitatissimam
862 5185 894 5232 et
922 5165 1087 5231 solennem
1111 5187 1201 5244 esse,
1239 5181 1271 5229 et
1292 5169 1472 5239 sexcenties
1495 5166 1576 5230 diei:
1606 5147 1786 5248 Maitogdom
1810 5167 1866 5240 τῆς
1884 5187 2003 5250 μητρο-

377 5282 498 5358 πόλεως
528 5281 581 5364 (V.
603 5271 773 5349 Froehlich
797 5279 882 5346 Ann.
903 5279 974 5363 Syr.
997 5303 1025 5366 p.
1050 5285 1120 5344 101.
1144 5281 1341 5357 111.·115),
1379 5281 1551 5385 §eleusium
1573 5283 1629 5364 τῆς
1649 5275 1734 5386 ispric
1755 5280 1806 5346 sol
1829 5273 2002 5366 adscriptos

379 5395 443 5482 (ib.
459 5401 511 5462 79.
533 5397 603 5460 101.
620 5400 719 5482 106),
742 5395 927 5460 Λαοδικίων
949 5398 1006 5478 τῆς
1026 5389 1109 5477 ἱερᾶς
1130 5391 1180 5456 sci
1194 5389 1370 5473 αὐτονόμου
1392 5387 1455 5478 (ih.
1468 5417 1496 5480 p.
1512 5388 1593 5476 91),
1616 5391 1861 5476 Σαγαλασσαίων
1877 5387 2002 5474 πρώτης

1519 5516 1595 5578 34·
1701 5531 1709 5542 =
