5016 6294
504 585 579 662 196
631 581 765 649 crana
779 578 1025 649 66666666.
1054 572 1394 646 6666666666
1408 553 1692 644 6666666666.
1715 573 1864 644 cucur
1878 575 2079 644 666666.

505 771 624 858 (11111,
646 770 724 851 22),
752 767 923 834 dialectum
944 770 981 852 ⁸).
1030 765 1105 853 1666
1132 767 1217 830 enim
1244 761 1357 852 lingua
1382 763 1507 850 Libyca
1533 787 1556 828 a
1577 765 1698 830 Punica
1717 763 1815 851 plane
1836 765 1965 830 ttrcr·
1986 779 2019 830 et
2042 763 2126 829 alius

505 888 613 970 stirpis
632 880 812 966 indolisque
834 879 934 944 luisse
955 879 1082 944 ridetur
1102 878 1163 962 **),
1198 899 1295 964 quom
1324 893 1438 944 contra
1458 880 1676 964 inscriptionis
1699 891 1827 942 nostrae
1849 897 1954 946 666666
1974 876 2125 964 61666666

507 997 634 1083 quidem
656 993 775 1058 habere
796 993 941 1056 videatur
957 991 1120 1056 aPunicir
1138 989 1231 1076 plane
1247 989 1355 1056 aliena
1378 1013 1409 1056 v.
1425 1013 1452 1056 c.
1470 997 1594 1077 putris,
1608 990 1696 1072 filit,
1718 997 1796 1070 ciri,
1819 997 1919 1069 66666,
1940 991 2126 1056 adrumeto

507 1111 656 1182 nomine,
685 1119 796 1172 contra
819 1117 944 1192 praeter
965 1105 1095 1170 nomina
1117 1105 1246 1188 propria
1269 1105 1370 1189 (quac
1385 1103 1523 1168 Punicae
1547 1105 1681 1190 originis
1701 1118 1777 1170 suut
1797 1104 1925 1190 omnin)
1947 1103 2013 1170 alia
2029 1101 2127 1174 verbu

507 1222 636 1289 Punicis
666 1216 786 1284 similia
812 1232 847 1282 ct
878 1239 920 1282 ex
947 1219 988 1282 iis
1011 1219 1175 1284 decurtate
1197 1231 1229 1282 et
1250 1229 1413 1283 contractu
1443 1214 1519 1302 (lin.
1542 1221 1562 1282 3
1585 1227 1651 1303 ’6.66
1674 1238 1732 1302 pro
1755 1221 1821 1308 ’(56
1845 1235 1924 1297 reu,
1952 1215 2011 1282 liu.
2036 1221 2055 1282 d
2079 1235 2126 1290 66

507 1355 565 1419 666
587 1349 673 1410 uun,
707 1349 770 1400 6666
801 1353 858 1417 666
888 1347 971 1410 taut,
1003 1327 1159 1396 limbus
1183 1339 1562 1414 promuntunum,
1592 1326 1693 1396 limi
1721 1347 1785 1398 666
1809 1351 1866 1415 666
1886 1329 2011 1412 mnu),
2050 1350 2127 1416 prae

508 1448 623 1512 ceteris
651 1459 758 1511 autem
786 1439 956 1508 verborum
984 1440 1213 1508 declinationes
1242 1457 1336 1530 atque
1366 1440 1539 1528 particulas
1573 1441 1701 1508 Punicis
1722 1442 1817 1528 plane
1839 1464 2014 1530 congruas,
2045 1464 2076 1504 v.
2099 1464 2126 1506 6

508 1555 567 1622 166.
597 1562 618 1620 6
644 1573 726 1622 extr.
754 1573 788 1622 un
811 1583 855 1616 =
885 1577 961 1641 pun.
984 1571 1044 1622 tua
1067 1563 1172 1620 666166
1192 1577 1283 1634 mea,
1319 1553 1377 1620 liu.
1399 1561 1419 1620 7
1442 1567 1524 1620 extr.
1555 1571 1619 1622 suu
1644 1579 1686 1614 =
1716 1577 1791 1640 pun.
1821 1573 1880 1622 666
1904 1565 2127 1640 6616661666,

509 1669 556 1736 166
578 1675 597 1736 6
622 1686 643 1735 n
665 1673 699 1734 ia
723 1671 879 1746 auum
902 1671 1136 1746 6616536666,
1166 1667 1224 1732 166.
1245 1673 1277 1732 6.
1299 1685 1321 1734 n
1347 1682 1420 1732 autc
1442 1685 1548 1747 nunu,
1569 1687 1596 1738 6
1617 1681 1690 1734 6616
1710 1671 1792 1743 3203
1809 1669 1865 1764 v52>
1888 1689 1995 1734 666666
2013 1669 2127 1732 eodem

510 1781 604 1862 leco,
642 1783 697 1848 nbi
726 1781 789 1848 boc
814 1771 1012 1846 desideratur
1041 1782 1073 1846 iu
1103 1781 1250 1859 Punicis,
1290 1779 1346 1846 166.
1376 1785 1396 1846 7
1424 1797 1446 1850 tt
1476 1795 1551 1848 6616
1579 1783 1678 1852 beon.
1729 1779 1835 1867 Atque
1856 1782 1969 1846 eadem
1989 1781 2071 1846 ratio
2092 1781 2128 1844 iu

511 1895 713 1962 nobilissima
732 1915 831 1970 scena
853 1892 1002 1958 Plautina
1033 1890 1184 1977 (Poenul.
1206 1892 1250 1970 V,
1273 1893 1311 1977 1)
1338 1894 1506 1958 intercedit
1526 1897 1611 1960 inter
1634 1917 1747 1964 666666
1768 1896 1878 1960 decem
1904 1895 2042 1979 priores,
2072 1893 2128 1978 qai

513 2007 626 2074 Punici
647 2022 741 2086 sunt,
770 2021 803 2070 ot
824 2028 883 2072 sex
905 2019 1093 2092 sequentes,
1122 2027 1202 2092 6666
1224 2004 1403 2072 llocbartus
1424 2004 1564 2090 Libycos
1586 2005 1741 2094 appellat,
1775 2029 1836 2094 ego
1857 2004 2128 2092 Libyphoenicius

511 2118 674 2206 appellare
696 2118 824 2196 6661666,
854 2141 949 2205 66666
971 2121 1066 2184 etiam
1090 2121 1122 2182 in
1144 2117 1213 2196 bis,
1241 2131 1277 2182 ut
1297 2121 1331 2182 in
1356 2133 1466 2182 nostra
1489 2121 1714 2205 inscriptione,
1748 2118 1839 2205 plora
1862 2120 1990 2184 Punicis
2010 2114 2129 2184 similia

511 2235 593 2311 siut,
630 2251 694 2318 666
722 2233 762 2296 66
791 2253 827 2296 66
859 2234 1021 2316 copiosius
1050 2233 1173 2296 dicetur
1201 2231 1286 2296 inira
1312 2230 1369 2296 lib.
1397 2229 1446 2296 lV
1474 2253 1501 2296 c.
1531 2237 1561 2296 3.
1605 2234 1684 2298 Erat
1710 2235 1810 2318 igitur
1840 2231 2131 2317 Liby-phoenicia

511 2343 637 2431 lingua,
675 2367 756 2430 quae
788 2348 1027 2430 grammaticam
1057 2343 1209 2408 babuisse
1240 2345 1363 2410 videtur
1395 2343 1568 2422 Punicam,
1597 2346 1722 2413 radices
1750 2359 1784 2408 ct
1814 2342 1972 2410 vocabule
1995 2343 2129 2426 1616666,

512 2457 642 2544 liuguae
661 2455 817 2543 Anglicue
840 2457 1072 2542 comparanda,
1109 2477 1190 2542 quae
1219 2454 1378 2542 permulta
1398 2455 1555 2522 vocabula
1575 2455 1702 2523 Gallice
1723 2461 1822 2522 uariis
1843 2458 1948 2524 666666
1969 2470 2131 2521 contracta

513 2572 649 2656 recepit,
685 2572 923 2656 grammaticam
946 2569 1139 2634 Saxonicum
1174 2570 1322 2632 retinuit:
1363 2567 1538 2638 hodiernae
1560 2569 1731 2650 Persicae,
1766 2573 1800 2635 in
1823 2591 1886 2656 666
1908 2571 2040 2636 dimidia
2060 2568 2130 2658 lere

513 2679 739 2748 vocabulorum
778 2704 851 2768 pars
886 2679 1034 2746 arabicae
1072 2683 1206 2768 originis
1243 2695 1308 2758 est3
1350 2683 1487 2770 denique
1525 2685 1729 2770 germanicae
1763 2681 1956 2748 ludaeorum
1992 2681 2131 2766 (luden-

513 2794 681 2880 Deutsch),
703 2816 783 2882 quae
794 2795 918 2860 radices
934 2794 1101 2860 hebraicas
1114 2797 1299 2880 germanico
1315 2815 1403 2860 more
1417 2793 1577 2860 declinare
1593 2795 1683 2862 solet.
1713 2796 1776 2861 Sed
1792 2797 1832 2860 de
1849 2795 1908 2860 bac
1923 2795 2131 2880 inscriptione

514 2905 594 2972 baec
618 2906 780 2972 hactenus.

1258 3037 1377 3160 666.

972 3223 1374 3296 NUMIDICA
1419 3229 1672 3298 PRIMA.

644 3407 735 3485 Quae
757 3421 932 3494 sequuntur
953 3387 1016 3472 iam
1039 3421 1187 3492 quattuor
1205 3411 1430 3494 inscriptiones
1447 3413 1561 3476 intirua
1573 3411 1811 3478 necessitudine
1832 3414 1915 3480 inter
1937 3435 1972 3478 re
1993 3416 2129 3491 iunctae,

515 3524 631 3610 partim
652 3523 693 3586 ad
715 3521 854 3586 Tuccam
878 3519 1144 3584 Terebinthinam
1168 3524 1280 3604 partim
1302 3525 1387 3587 inter
1410 3520 1535 3588 Siccam
1559 3521 1739 3589 Veneream
1761 3539 1793 3590 et
1812 3523 1953 3591 Vaccam
1976 3541 2130 3613 repertae,

516 3637 557 3700 ad
585 3634 782 3720 Hiempsalis
811 3631 983 3698 Numidiae
1016 3635 1102 3718 regis
1132 3631 1285 3697 familiam
1317 3638 1532 3718 pertinentes,
1572 3635 1708 3703 anobis
1727 3639 1902 3702 maximam
1925 3655 2045 3725 partem
2067 3643 2129 3704 iam

515 3751 547 3814 66
573 3732 770 3814 'Exercitum
802 3743 1095 3832 palaeogrbplu'cic
1122 3757 1273 3810 tractatae
1302 3761 1394 3828 sunt,
1431 3771 1517 3814 nunc
1543 3747 1705 3835 lapidibus
1734 3755 1816 3838 ipsis
1845 3773 1898 3818 66.
1928 3757 1979 3818 57.
2007 3759 2058 3820 59.
2084 3759 2131 3836 60

515 3863 695 3925 accuratius
713 3859 904 3924 examinatis
925 3855 1108 3944 diligentius
1129 3855 1316 3946 pleniusque
1336 3863 1566 3927 retractandae.

539 4207 540 4214 ἵ
572 4130 594 4198 'l
620 4135 813 4200 lllypltoenioeo
844 4134 938 4188 Liuius
962 4141 1069 4201 praeter
1092 4131 1111 4182 l.
1139 4148 1163 4184 6.
1186 4147 1291 4210 666666-
1360 4136 1439 4188 dotus
1457 4135 1568 4202 (2,50)
1584 4138 1618 4190 de
1632 4139 1749 4206 Neptuni
1762 4139 1873 4194 nomine
1886 4155 1998 4214 graeco:
2016 4132 2130 4206 oidcpot

517 4238 559 4282 rat
578 4227 672 4296 XXV,
689 4228 732 4282 to.
768 4230 839 4284 Vide
858 4237 998 4298 praeterea
1018 4230 1135 4285 Plinium
1154 4237 1180 4299 5,
1196 4233 1214 4286 t
1230 4234 1291 4304 (666
1359 4227 1412 4300 7⁶¹0
1430 4223 1478 4284 ἄπ’
1492 4226 1880 4301 ἄρκῆ6Π666616666666666
1896 4235 2035 4304 ἔκτηνται,
2053 4231 2079 4289 ri
2088 4231 2128 4302 μὴ

517 4325 629 4394 Byzacii
649 4325 751 4378 incolae
767 4325 804 4378 ita
823 4325 949 4394 appellari
967 4325 1072 4393 tradit).
1091 4325 1189 4402 Polyb.
1210 4333 1236 4397 3,
1256 4335 1290 4385 33
1359 4325 1473 4395 Aspare.
1509 4329 1659 4398 8166116666
1683 4332 1753 4402 Byr.
1780 4327 1880 4396 ’Iotdn
1907 4328 1988 4400 ”lm
2014 4326 2132 4406 ’1Ἐῦηῆ

517 4421 612 4491 MS,
640 4430 667 4476 et
691 4421 773 4474 Diod.
793 4426 844 4486 20,
872 4423 921 4477 55:
950 4425 1161 4492 artnentum,
1187 4423 1292 4482 mollis
1362 4415 1484 4491 Ov'dtvtlu
1502 4421 1633 4494 1666μέ66
1652 4421 1708 4480 tino*
1725 4425 1860 4498 Λιβῦων,
1878 4423 1935 4482 toi
1953 4407 2132 4482 6166661666

517 4517 624 4586 tamn
650 4513 743 4572 6661666
766 4517 999 4588 ementatum,
1028 4525 1074 4574 sci
1100 4519 1292 4579 armena
1358 4514 1565 4586 «stuprosae.
1587 4523 1750 4578 ldetuelibir
1769 4523 1900 4594 Atrans,
1918 4521 2000 4593 666666
2012 4518 2131 4593 Apios,

518 4619 575 4672 coir
591 4609 789 4684 anagninum
805 4612 973 4684 ἐπιγαμίας,
999 4611 1040 4672 nir
1063 4611 1122 4671 n'rrd
1145 4613 1196 4686 crit
1216 4637 1292 4686 666-
1359 4615 1429 4677 66666
1450 4620 1558 4689 (169666
1574 4616 1707 4689 iurandm
1720 4621 1841 4689 laculo,
1859 4629 1903 4673 et:
1921 4616 2038 4688 mina,
2050 4621 2133 4689 666666

517 4707 705 4784 6661661666
727 4711 884 4782 6666666161
902 4715 1002 4782 συνέβη
1018 4716 1108 4782 τυχεῖν
1124 4711 1227 4782 codrus
1242 4713 1294 4784 τῆς
1359 4710 1472 4786 Arpinus}
1488 4749 1552 4772 ..·.
1568 4709 1588 4784 66
1604 4713 1675 4770 ucri
1694 4712 1747 4784 τὴν
1763 4711 1878 4784 Aufidus
1891 4711 1986 4783 φωνὴν
1998 4715 2132 4784 lupadus*

517 4807 706 4876 66666666ρί66,
726 4809 762 4868 66.
779 4813 821 4877 17,
836 4811 895 4862 113.
919 4809 1000 4877 Apud
1014 4809 1197 4864 Ptolemaeum
1210 4811 1292 4866 iidem
1359 4806 1377 4864 δ’
1395 4807 1579 4884 1666666616.
1600 4813 1678 4884 (1666
1693 4829 1760 4866 reru
1770 4814 1839 4865 lianc
1850 4809 1968 4882 linguam
1983 4811 2132 4868 hodiernae

518 4899 638 4968 Λιβυκοὶ
666 4904 791 4958 missure
818 4907 984 4974 appellentur
1016 4904 1092 4974 (lv,
1120 4907 1162 4972 3).
1207 4909 1292 4979 Liby·
1358 4909 1540 4964 Barbarorunr
1557 4909 1664 4980 linguaue
1687 4909 1738 4976 (de
1756 4924 1807 4978 666
1827 4906 2132 4964 6666Η661Β66616666·

515 4996 678 5064 phoenicum
709 5001 833 5054 coloniae
861 5011 1042 5056 memorantur
1071 5019 1113 5073 66.
1141 5003 1287 5075 Soymnum
1357 5007 1431 5079 hung
1444 5023 1471 5060 r.
1486 5005 1537 5058 Fen
1550 5007 1606 5058 and
1620 5005 1752 5060 Murokoo
1766 5019 1826 5075 pag.
1840 5003 1902 5067 136)
1916 5002 2032 5058 vicinum
2046 5005 2130 5060 fuisse

517 5091 612 5147 Chium
633 5111 661 5149 v.
682 5095 741 5151 196.
769 5105 795 5150 61
812 5097 840 5151 66
857 5099 998 5154 Hannonis
1022 5099 1121 5170 Peripl.
1143 5101 1201 5156 init.
1357 5101 1456 5171 opinati
1485 5109 1547 5154 runt
1576 5107 1727 5154 Moentenu
1753 5097 1891 5173 (Religion
1912 5101 1961 5155 der
1983 5103 2133 5176 liunbager

566 5187 612 5258 ll)
634 5191 774 5246 Voocbnlu
799 5194 905 5268 linguae
923 5197 1041 5267 Libycae
1057 5197 1165 5266 propria
1182 5215 1288 5254 memo-
1356 5216 1384 5267 6.
1399 5197 1494 5266 00)61
1511 5193 1680 5253 liemakerut
1704 5197 1842 5268 (Miscell.
1864 5215 1892 5268 6.
1913 5197 1995 5266 117),
2021 5198 2050 5254 16
2066 5199 2127 5253 siae

514 5295 575 5342 rant
595 5287 750 5344 Herodoto·
764 5298 791 5345 61
808 5291 959 5362 Stephanus
976 5293 1153 5364 Byzantium.
1193 5296 1287 5354 Here-
1355 5313 1450 5352 666666
1469 5296 1579 5352 lactum.
