4902 6306
553 621 614 689 DE
636 617 844 690 LITTERIS
866 623 1115 694 Pflosttlcsss
1158 631 1187 708 1.
1219 631 1271 694 at.
1313 627 1458 696 RESCH
1479 627 1688 736 alausas.
1893 637 1946 714 45

320 823 464 876 erectum
493 831 581 892 esse,
616 809 736 876 Deleth
769 813 881 897 (cuius
903 791 1016 902 {ligura
1045 817 1154 880 nerim
1186 814 1266 882 baec
1296 829 1345 882 est
1380 818 1442 902 Δ)
1464 820 1504 883 ad
1527 789 1691 884 sinistram
1715 809 1869 886 inclinari
1889 823 1942 906 (v.

319 943 410 1010 runo
440 922 531 988 Surd.
555 923 605 1008 3).

451 1031 563 1122 Capite
585 1059 725 1128 superus
746 1051 856 1126 aperto
881 997 887 1004 ι

321 1424 430 1491 Reseh
459 1427 600 1514 pingitur
628 1431 661 1494 in
691 1427 769 1495 solis
799 1427 921 1495 Ciliciis
950 1426 1013 1516 (A.
1037 1427 1075 1494 Β.
1098 1427 1136 1494 C.
1159 1429 1210 1514 G)
1243 1445 1275 1494 et
1304 1432 1336 1494 in
1366 1433 1463 1498 inser.
1492 1427 1673 1498 Oxoniensi
1702 1456 1725 1499 s.
1756 1435 1818 1502 Cir.
1841 1447 1871 1504 2.
1915 1441 1946 1504 A

322 1539 572 1627 tachygrapbico
594 1555 700 1608 autem
724 1545 832 1640 studio⁵
851 1541 993 1628 profecta
1014 1555 1089 1608 suut
1109 1542 1191 1608 haec
1212 1545 1323 1630 signa,
1362 1567 1496 1630 quormn
1519 1563 1612 1634 caput
1633 1547 1688 1614 hio
1709 1548 1775 1614 illie
1797 1551 1904 1616 deficit

318 1958 455 2040 (endec.
475 1935 558 2025 Abd.
578 1958 616 2026 G.
640 1960 677 2024 F.
703 1957 843 2028 Gao.'r'.
872 1961 1004 2028 duodec.
1026 1951 1204 2040 Numine,
1222 1968 1251 2026 1.
1283 1961 1360 2027 tert.
1377 1963 1446 2027 dec.
1469 1961 1549 2030 Aba
1570 1963 1622 2050 D)
1652 1981 1685 2030 et
1706 1969 1832 2033 tandem
1850 1969 1942 2056 plane

317 2074 453 2135 evanuit
472 2070 527 2164 (ut
548 2075 581 2138 iu
604 2072 763 2140 similibus
784 2073 909 2140 litterae
933 2071 1051 2140 Deleth
1081 2088 1112 2138 et
1133 2073 1216 2141 Beth
1242 2073 1393 2162 figuris),

1097 2189 1127 2220 Η

315 2390 444 2475 (quart.
463 2390 532 2456 dec.
555 2387 633 2476 Tyr.
656 2391 699 2458 Κ.
721 2393 762 2458 L.
784 2391 830 2490 Μ.
861 2391 1009 2458 Sabratlr.
1031 2389 1091 2478 F).

319 2525 324 2532 ·
448 2499 617 2569 Caeterum
641 2507 701 2591 ipsi
724 2495 902 2572 Phoenices
924 2507 1124 2592 experientia
1146 2505 1249 2570 edocti
1271 2505 1411 2568 sensisse
1427 2503 1593 2585 videntur,
1616 2505 1711 2570 nirnis
1728 2503 1855 2571 facilem
1870 2527 1942 2572 esse

315 2611 507 2680 litterarum·
523 2613 662 2696 Daleth,
701 2617 785 2684 Beth
816 2633 848 2684 et
876 2616 980 2683 Resch
1011 2621 1094 2682 inter
1123 2639 1158 2682 se
1194 2616 1434 2682 confusionem:
1470 2631 1662 2703 quapropter
1690 2621 1724 2682 in
1753 2621 1941 2685 recentioris

317 2730 460 2792 maxime
482 2732 596 2794 aetatis
618 2735 833 2797 monumentis
848 2729 953 2796 liesch
971 2729 1088 2796 lineum
1104 2729 1201 2795 habet
1215 2731 1411 2794 discritioam
1424 2731 1525 2794 instar
1540 2727 1570 2793 R
1583 2728 1708 2796 litterae
1722 2728 1939 2796 Romanorum

317 2839 434 2926 (quam
455 2843 551 2906 etiarn
573 2845 607 2907 in
631 2847 845 2910 monumentis
868 2843 1002 2910 Graecis
1032 2846 1167 2929 reperiri
1193 2846 1338 2925 constet)
1388 2837 1394 2850 '
1464 2863 1468 2876 ·

954 2975 956 2980 ’
1041 2952 1226 3193 aa

316 3259 371 3346 (v.
396 3281 480 3326 uum.
496 3259 574 3345 Tyr.
588 3260 615 3326 I.
639 3257 738 3326 lubae
753 3281 821 3325 sen.
842 3259 884 3326 A.
901 3258 940 3326 Β.
958 3257 995 3324 C.
1019 3259 1143 3347 Tripol.
1162 3267 1191 3326 1.
1216 3257 1305 3348 Trip.
1321 3266 1353 3342 2,
1370 3267 1398 3326 1.
1422 3239 1551 3326 Nonio.
1566 3265 1596 3339 5,
1614 3262 1635 3325 2
1656 3263 1689 3326 in
1705 3281 1786 3342 *tn-t,
1808 3260 1938 3328 Numid.

316 3379 352 3449 6,
367 3379 468 3457 24),
506 3377 576 3439 sive
605 3373 685 3439 haee
715 3375 875 3438 distinctio
897 3395 917 3436 u
940 3372 1154 3438 Phoenicibus
1182 3376 1317 3459 primurn
1340 3377 1471 3437 inventa
1492 3375 1532 3438 ad
1558 3371 1699 3440 Graecos
1723 3389 1755 3438 et
1776 3375 1940 3440 Romanos

313 3487 461 3566 transiit,
498 3491 567 3552 eive
597 3487 637 3551 ab
666 3485 718 3551 his
748 3487 873 3550 demum
906 3488 1087 3572 excogitata
1116 3497 1148 3549 et
1176 3507 1195 3549 a
1222 3485 1438 3550 Phoenicibus
1468 3487 1618 3571 adoptata
1647 3502 1712 3566 est,
1757 3509 1937 3574 quanquam

311 3601 407 3684 prius
428 3594 507 3664 111511
532 3602 634 3687 magis
656 3597 761 3686 placet
781 3601 821 3682 ¹⁸).
863 3595 1043 3684 Singularis
1066 3610 1172 3661 autem
1193 3597 1227 3661 in
1252 3597 1313 3661 hac
1335 3595 1439 3684 figure
1459 3599 1649 3685 Lindbergii
1669 3622 1758 3666 error
1786 3603 1836 3686 (p.
1854 3599 1937 3684 49),

310 3713 371 3797 qui
386 3731 455 3776 earn
479 3711 564 3778 Bett
586 3734 657 3778 esse
679 3711 820 3798 putabat.

443 3824 577 3912 Figurae
599 3849 688 3890 raras
711 3841 742 3890 et
763 3828 902 3889 incertas
925 3823 964 3889 ad
988 3823 1123 3888 eandem
1146 3819 1252 3910 Rescb
1275 3817 1416 3887 litteram
1444 3825 1638 3908 pertinentes
1665 3822 1765 3889 babes
1797 3821 1857 3887 Cit.
1882 3829 1934 3903 25,

310 3949 346 4000 et
369 3957 453 4000 num.
477 3937 556 4023 Tyr.
580 3937 619 4002 G.

450 4125 453 4136 A
485 4050 657 4138 „Figurae
675 4053 966 4138 antiquissimaeet
987 4051 1169 4137 primitivae
1192 4055 1325 4114 no.1.2
1345 4063 1377 4113 et
1399 4054 1484 4113 no.5
1508 4050 1546 4114 ad
1569 4046 1710 4113 Graecos
1730 4063 1762 4112 et
1783 4049 1936 4115 Etruscos

400 4167 642 4244 „transierunt:
667 4187 738 4230 curn
760 4165 873 4228 iisdem
896 4177 989 4250 atque
1011 4161 1165 4228 Romanis
1182 4159 1359 4228 Phoenices
1382 4183 1581 4227 communem
1605 4159 1724 4226 hahent
1744 4161 1882 4248 figuram
1896 4168 1934 4228 15

399 4259 507 4392 „sp
542 4305 572 4350 v.
595 4305 701 4369 supra.
750 4281 827 4348 Sola
852 4285 1016 4368 primitiva
1043 4280 1100 4345 1115
1129 4279 1334 4368 triangularis
1361 4281 1432 4366 (no.
1458 4287 1485 4346 1.
1507 4279 1548 4364 2)
1578 4279 1790 4346 Samaritanis
1820 4284 1936 4346 usitata

400 4417 479 4482 „est
499 4405 532 4468 iu
549 4401 720 4494 'codicibus
743 4399 889 4482 biblicis,
926 4402 983 4466 sad
1006 4398 1083 4464 alibi
1105 4403 1200 4464 etiam
1223 4402 1360 4466 rotunda
1381 4387 1522 4466 utuntur.

486 4514 588 4602 ‚‚Fig.
613 4519 652 4580 10
683 4515 784 4600 capite
813 4535 949 4598 superne
979 4529 1089 4604 aperto
1119 4492 1260 4600 vulgaris
1289 4526 1338 4578 est
1365 4516 1397 4578 in
1430 4515 1534 4578 nurnis
1567 4511 1733 4591 hebraeis,
1772 4510 1934 4598 inlepide

399 4671 421 4706 „
432 4624 750 4714 carpentoractensi,
774 4641 806 4690 et
820 4629 853 4690 in
872 4623 1071 4709 Palmyrenis
1087 4623 1343 4691 oxoniensibus.
1383 4623 1518 4704 ,1551115
1541 4627 1573 4689 id
1595 4647 1697 4712 genus
1720 4625 1934 4688 monumentis

397 4743 599 4823 „ararnaeis,
638 4755 673 4804 ut
706 4742 741 4806 in
776 4738 991 4804 Blacassianis
1025 4751 1058 4800 et
1092 4737 1291 4822 Palmyrenis
1319 4737 1490 4818 Romania,
1524 4753 1617 4824 eaput
1645 4740 1746 4824 magis
1768 4737 1934 4822 magisque

398 4841 579 4936 „evanuit‚
613 4867 649 4920 ut
670 4867 740 4918 orta
761 4855 804 4946 sit
826 4851 931 4940 figure
952 4851 1124 4936 quadratae
1147 4849 1263 4916 similis
1286 4875 1319 4922 π.

364 5098 390 5168 ’1
415 5102 497 5170 Apud
516 5104 634 5158 Graecos
651 5103 765 5172 primunr
785 5109 825 5156 est
842 5101 985 5173 vestigium
1007 5099 1087 5154 11111111
1155 5113 1184 5168 iu
1208 5115 1304 5170 litteris
1328 5121 1346 5166 't
1370 5125 1396 5168 et
1421 5119 1442 5169 ΙΙ1
1466 5116 1536 5185 apud
1558 5114 1710 5170 Phoenices
1729 5119 1862 5187 reperisse
1879 5117 1931 5172 ribi

309 5223 419 5278 form
553 5224 581 5280 in
611 5224 690 5278 titulo
716 5223 886 5292 symma„
909 5221 1017 5292 olymp.
1044 5221 1087 5278 76.
1155 5211 1229 5264 visus
1250 5220 1290 5266 est
1312 5216 1427 5282 Koppiur
1455 5213 1498 5282 (1,
1516 5231 1542 5282 p.
1566 5214 1626 5268 228.
1658 5213 1704 5282 ll,
1724 5213 1808 5284 136),
1839 5215 1929 5268 iuauis

309 5385 344 5400 -
381 5357 443 5413 ens
467 5362 606 5434 signorum
632 5359 831 5415 discritioornrn
857 5357 990 5432 vestigia,
1020 5373 1090 5428 qnae
1156 5315 1216 5361 Μ,
1233 5316 1260 5362 ⁰¹
1277 5319 1471 5364 ⁰⁰¹⁰¹¹¹⁰¹¹¹¹⁰¹ffi
