4906 6300
543 615 880 696 INSCllll'l'lONES
903 615 1142 696 eiulantes
1186 623 1251 699 lx.
1274 624 1492 698 Cl'l'lENSlS
1511 625 1730 702 SECUNDA.
1875 640 1947 712 127

323 837 406 906 qnae
436 815 600 882 infundo
628 813 766 902 simplex
794 815 881 882 linea
901 831 970 897 eat,
1005 821 1039 882 in
1062 815 1232 904 superficie
1253 815 1389 904 figuram
1412 819 1536 890 duabus
1557 819 1655 886 lineis
1675 824 1945 908 eirenmaoriptam

322 931 442 998 retent
463 929 527 1010 (ol.
549 950 580 994 v.
603 951 628 994 e.
651 928 756 1016 Aleph
780 929 922 1010 initiale,
959 927 1049 1015 Caph
1075 928 1133 994 lin.
1155 934 1175 993 3
1194 928 1284 1013 fia).
1329 929 1423 1008 Quod
1444 947 1480 996 ut
1502 932 1602 998 semel
1623 933 1786 1000 luculento
1807 935 1944 1020 quodam

321 1040 472 1129 exemplo
500 1042 726 1122 ostendemus,
762 1042 921 1129 duplieem
943 1044 1089 1111 dedimus
1111 1040 1377 1122 delineationem,
1413 1067 1509 1112 unam
1531 1068 1613 1132 quae
1634 1045 1752 1133 scalpri
1775 1049 1888 1112 ductus
1908 1048 1943 1112 in

320 1157 388 1220 imo
407 1153 509 1220 lando
523 1157 704 1220 imitaretur
723 1153 806 1244 (litt.
827 1154 901 1240 A),
924 1152 1057 1220 alteram
1073 1176 1154 1241 quse
1169 1157 1294 1220 litteras
1310 1158 1357 1221 itu
1370 1157 1526 1238 referret,
1549 1173 1583 1224 nt
1596 1163 1629 1225 in
1646 1158 1815 1246 superfiuis
1827 1157 1944 1245 lapidis

324 1281 521 1355 temperent.

449 1394 542 1482 b)1u
564 1394 715 1462 omnibus
737 1395 947 1484 apographis,
975 1409 1007 1461 et
1027 1399 1168 1460 maxime
1191 1397 1319 1482 quidem
1339 1399 1372 1462 in
1392 1398 1610 1480 Pocoekiam,
1639 1399 1701 1465 hoe
1719 1398 1811 1464 tltnlo
1833 1405 1949 1464 nostro'

320 1508 484 1597 singulare
506 1523 556 1575 est
577 1523 609 1574 et
629 1511 811 1596 proprium,
841 1510 925 1598 qaod
947 1508 1072 1574 litterae
1093 1509 1250 1574 rotundae
1271 1511 1360 1590 Ate,
1383 1509 1486 1591 Beth,
1509 1512 1653 1592 uatem,
1676 1513 1783 1578 nescu
1804 1532 1943 1599 aupeme

321 1625 464 1710 spinatae
491 1635 585 1701 snut,
626 1624 711 1708 qnod
738 1621 892 1709 peculiari
922 1625 1047 1686 cuidam
1077 1619 1305 1708 calligraphioo
1335 1623 1472 1689 artificio
1499 1627 1682 1690 tribuerunt
1710 1623 1943 1711 palaeographl

321 1755 443 1801 omnes.
493 1735 559 1800 Sed
592 1755 628 1800 re
658 1739 837 1800 accuratius
867 1735 1068 1800 considerata
1094 1736 1173 1798 artis
1202 1736 1354 1820 penuriae
1375 1739 1501 1822 potius,
1541 1759 1635 1823 quam
1656 1739 1776 1802 uimine
1800 1741 1860 1802 arti
1882 1737 1944 1802 hoo

321 1847 526 1914 tribuendum
548 1850 685 1914 videtur.
729 1847 910 1913 Statnnrins
934 1851 1039 1926 enim,
1068 1849 1120 1912 eui
1142 1844 1246 1932 ligura
1267 1849 1300 1911 in
1315 1847 1425 1913 orbem
1440 1849 1657 1935 exsculpenda
1672 1849 1805 1915 multum
1823 1851 1943 1935 negotil

320 1959 415 2039 feeit,
451 1981 522 2026 earu
550 1981 691 2046 superne
719 1959 770 2024 vel
797 1964 1020 2047 semiapertanr
1041 1958 1189 2045 reliquit,
1227 1958 1298 2037 vel,
1337 1965 1587 2048 quamprimum
1609 1977 1749 2048 apertam
1772 1959 1944 2047 reliquerat

319 2081 332 2165 (
343 2083 390 2174 u
409 2082 421 2162 )
444 2077 569 2166 sealprn
597 2079 702 2144 denuo
731 2079 860 2144 admoto
883 2077 998 2144 clausit
1017 2070 1098 2166 (Ο
1119 2075 1150 2164 ),
1170 2079 1254 2143 unde
1268 2077 1343 2142 illae
1358 2083 1449 2165 qnasi
1464 2084 1571 2166 apices
1588 2094 1677 2146 ortae
1691 2094 1775 2148 suut.
1800 2079 1837 2144 F.
1854 2077 1943 2161 may

320 2201 353 2264 in
375 2197 493 2262 litteris
508 2185 554 2260 xad
576 2219 627 2261 me
651 2199 750 2264 datis:
779 2199 857 2278 „In
877 2217 915 2276 a,
941 2213 980 2275 n,
1003 2219 1042 2276 π,
1065 2221 1087 2268 't
1119 2196 1205 2262 redut
1234 2199 1387 2284 you'call
1406 2205 1517 2284 nps'ees
1539 2222 1598 2265 are
1621 2201 1787 2284 evidently
1805 2195 1945 2282 notln'ng

323 2331 410 2376 nore
433 2308 514 2374 tlon
536 2311 725 2376 occidental
745 2311 784 2396 dy
806 2311 862 2376 tle
884 2317 1025 2397 eutttng.
1068 2305 1139 2375 For
1161 2309 1216 2375 tlte
1238 2331 1325 2374 sume
1348 2331 1466 2376 reason
1488 2311 1564 2397 they
1585 2335 1645 2377 nre
1663 2313 1777 2396 mostly
1791 2309 1944 2396 angetur,

311 2421 409 2503 ssent
424 2422 482 2488 tde
503 2421 673 2508 difficulty
695 2423 734 2502 os
760 2422 816 2488 tle
838 2429 985 2510 cutting,
1023 2423 1091 2488 nnd
1116 2429 1295 2488 sometimes
1326 2444 1408 2509 open
1441 2443 1482 2488 on
1505 2423 1560 2489 tle
1582 2435 1648 2512 top.
1694 2423 1943 2489 stererant:

310 2535 377 2615 for
403 2543 553 2601 instance
582 2535 659 2601 does
694 2545 751 2600 sot
783 2539 868 2602 etone
897 2545 935 2601 nt
962 2535 1018 2601 tlle
1046 2544 1121 2620 top:
1157 2533 1213 2600 det
1242 2542 1272 2600 tt
1302 2542 1331 2600 ts
1358 2539 1478 2621 usmete
1500 2537 1591 2616 [νοω
1617 2537 1674 2602 tle
1704 2535 1874 2620 dq't'ficnlty
1906 2533 1949 2614 of
2081 2599 2083 2602 .

320 2655 503 2736 μακαρίοις
524 2647 579 2712 ste
601 2649 709 2714 tuol.“

447 2781 479 2862 e)
513 2775 626 2842 Eidem
656 2800 772 2844 naneae
805 2791 838 2842 et
859 2779 965 2844 miuus
988 2777 1139 2843 dexterae
1161 2775 1294 2842 artificis
1315 2779 1425 2843 manui
1447 2778 1509 2844 hoe
1531 2777 1735 2843 tribuendum
1758 2789 1826 2855 est,
1857 2775 1942 2860 qnod

320 2891 444 2956 litteme
478 2887 573 2969 illae,
608 2912 689 2977 qnae
724 2891 880 2956 rotundae
910 2912 982 2956 ease
1016 2889 1193 2969 debebant,
1228 2887 1417 2980 plerumque
1453 2889 1623 2978 angulatae
1653 2904 1727 2956 sunt
1762 2904 1795 2954 et
1822 2887 1941 2976 passim

319 3006 416 3068 etiem
443 3001 530 3067 inlra
558 3018 591 3066 et
621 3025 641 3068 a
669 2999 771 3068 latere
801 3001 960 3068 auriculas
982 3003 1181 3068 scandulas
1204 3001 1324 3067 habent
1345 3025 1365 3066 a
1386 3002 1510 3092 senlpro
1532 3007 1637 3070 minus
1660 3003 1793 3068 dextere
1814 3001 1942 3066 admoto

320 3129 423 3196 ortas,
460 3137 539 3204 quus
571 3137 629 3180 nos
657 3117 690 3179 in
719 3113 867 3201 exemplo
898 3113 925 3180 B
955 3119 1066 3202 paucis
1096 3113 1365 3202 significavimus,
1400 3117 1434 3180 in
1457 3119 1560 3182 maius
1580 3117 1648 3182 lere
1670 3120 1760 3184 auxit
1782 3115 1940 3182 Swinton.

319 3227 406 3294 Vide
425 3247 445 3295 e
468 3231 501 3294 in
526 3243 718 3298 annutante
740 3225 798 3294 lin.
816 3234 855 3306 3,
879 3228 961 3314 qnod
975 3230 1060 3316 apud
1074 3229 1272 3294 Swintonem
1288 3225 1407 3292 Deleth
1423 3231 1527 3296 videri
1541 3233 1663 3318 possit,
1684 3245 1716 3294 et
1728 3233 1773 3294 itu
1789 3227 1941 3318 pleraque

320 3361 358 3419 93
388 3345 464 3410 :lin
488 3365 536 3414 'tn
559 3359 594 3432 β
614 3340 673 3407 lin.
698 3347 728 3422 l,
753 3338 794 3404 al.

448 3451 480 3560 d)
510 3471 561 3540 De
589 3467 727 3559 singulis
755 3468 944 3558 quibusdam
965 3466 1083 3534 litteris
1106 3483 1272 3557 praeterea
1293 3468 1529 3538 observandum
1552 3485 1616 3538 est:
1645 3472 1756 3560 Alepll
1784 3471 1841 3536 lin.
1866 3476 1882 3534 1
1907 3472 1940 3534 in

320 3600 393 3678 ‘nott
415 3607 550 3672 superne
573 3609 636 3651 non
660 3601 845 3650 recurvum:
877 3583 1067 3646 sedendam
1092 3581 1198 3650 littera
1219 3584 1252 3648 in
1274 3599 1334 3650 :stt
1358 3581 1415 3648 lin·
1441 3591 1455 3648 l
1481 3587 1699 3650 sinistrorsum
1723 3583 1825 3663 llexe,
1846 3579 1941 3650 lina

317 3701 355 3764 in
385 3673 449 3768 sle
481 3701 694 3765 dextrorsum.
747 3695 829 3762 Cleet
857 3693 914 3782 lja.
944 3700 958 3758 l
993 3693 1076 3760 bene
1108 3698 1225 3780 piatum
1257 3709 1326 3762 erat
1357 3697 1439 3784 apud
1463 3695 1681 3778 Swintonem,
1719 3696 1774 3760 sed
1798 3694 1941 3758 eiusdem

317 3810 443 3899 figurae
466 3827 558 3884 estn
587 3812 645 3877 liu.
672 3818 692 3874 2
719 3812 753 3874 in
775 3827 859 3880 enne.
888 3785 1028 3894 ¹Figura
1057 3805 1114 3872 illa
1143 3805 1348 3894 triangularis
1377 3829 1543 3894 supremae
1573 3820 1680 3873 nostae
1709 3809 1800 3894 quasi
1821 3806 1943 3869 vicaria

321 3939 388 4003 est,
419 3939 455 3991 nt
475 3927 599 4014 integra
620 3924 725 3990 lorme
748 3922 829 3987 haee
850 3922 908 3985 aits

1063 4015 1159 4236 el

325 4283 417 4370 Ceph
437 4279 736 4376 litteru'aliqnoties
757 4287 801 4348 ita
823 4285 906 4368 plata
929 4296 994 4361 est,
1017 4296 1053 4346 ut
1076 4287 1109 4350 in
1133 4279 1351 4370 exemplolA,
1380 4295 1412 4346 et
1434 4281 1563 4346 nonnisi
1581 4279 1665 4345 haue
1683 4279 1820 4370 figurem
1843 4277 1942 4342 relert

330 4397 407 4588 γ,
443 4458 629 4542 pessimita
651 4467 686 4519 ut
705 4452 788 4532 hane
896 4497 906 4532 ,
942 4455 1032 4538 prius
1062 4474 1092 4517 n.
1113 4451 1170 4518 lin.
1192 4459 1222 4518 1.
1246 4457 1283 4532 3,
1316 4455 1474 4538 posterius
1495 4450 1552 4517 lin.
1575 4457 1594 4514 2
1617 4450 1679 4517 bis.
1721 4449 1797 4516 Duo
1817 4445 1944 4512 Lnased

320 4625 379 4694 lin.
402 4635 429 4692 2
452 4633 472 4692 3
495 4639 526 4690 et
548 4627 611 4690 dno
639 4624 707 4689 Tne
729 4621 786 4688 lin.
810 4628 829 4688 3
857 4641 994 4706 superne
1016 4625 1107 4687 nnois
1130 4625 1251 4688 munita
1274 4637 1366 4702 sont,
1406 4641 1486 4707 quae
1509 4622 1621 4687 endem
1642 4621 1736 4684 modo
1759 4627 1943 4700 comparant

320 4743 356 4805 in
379 4741 590 4824 Syracusanis
611 4736 651 4801 A.
673 4735 701 4800 B
725 4749 757 4800 et
779 4737 813 4800 in
836 4733 1062 4799 Panormitano
1085 4733 1129 4813 B,
1159 4731 1385 4800 eChendlero
1414 4749 1447 4798 et
1474 4733 1540 4801 Sw.
1572 4746 1678 4798 autem
1706 4733 1826 4795 omissa
1854 4741 1940 4792 sunt.

319 4851 471 4940 Denique
503 4874 565 4918 non
602 4847 785 4936 negligendi
813 4861 888 4914 sunt
915 4843 1092 4912 litterarum
1121 4845 1228 4934 Aleph
1259 4862 1291 4914 et
1315 4845 1453 4918 Semeolr
1483 4849 1571 4931 saepi
1598 4844 1759 4910 suburessi
1788 4855 1821 4908 et
1849 4842 1941 4927 quasi

319 4969 482 5046 ventrosi,
519 4965 630 5034 itidem
651 4965 686 5030 in
709 4963 814 5030 uumis
835 4960 1046 5044 Syrasusanis
1069 4961 1242 5045 conspicui.

449 5114 479 5197 e)
520 5111 557 5176 ln
590 5116 724 5197 putretis
759 5109 915 5193 ponendis
953 5104 1015 5172 hoo
1046 5107 1216 5192 praecipue
1252 5117 1415 5191 pennatum
1449 5118 1499 5168 est
1533 5123 1553 5166 a
1582 5099 1643 5166 Ch.
1672 5114 1704 5164 et
1732 5100 1817 5180 Son,
1856 5102 1942 5186 quod

317 5225 379 5294 lin.
403 5231 423 5291 2
450 5237 600 5311 puratum
633 5226 788 5290 omissuro
813 5234 864 5288 est
892 5223 978 5288 inter
1004 5235 1108 5290 nnana
1136 5231 1168 5284 et
1195 5221 1252 5297 la,
1291 5236 1469 5306 quanquam
1496 5219 1560 5284 ium
1590 5214 1770 5282 Poonokias
1800 5216 1834 5281 id
1856 5227 1941 5282 reete

312 5351 487 5428 posueram
516 5359 596 5424 quae
624 5357 677 5406 res
706 5335 812 5402 fraudi
831 5333 893 5400 luit
913 5332 1117 5412 Hamakero,
1141 5346 1176 5400 ut
1196 5331 1280 5400 inlre
1301 5329 1491 5400 uidebimus.
1534 5329 1572 5396 F.
1595 5327 1702 5413 Benyz
1725 5335 1795 5410 „tn
1816 5349 1943 5398 assues
