4924 6304
463 597 466 604 Ι
520 637 595 710 160
636 629 778 697 LIBER.
786 621 1032 693 SECUNDUS.
1060 619 1400 690 INSCRiP'i'lONES
1415 619 1699 687 attondimur.
1722 617 1872 686 CAPUT
1888 617 2123 697 Quantum.

521 825 636 888 Persen
665 839 737 905 pag.
757 817 819 898 29)
853 825 885 876 et
911 830 1039 898 propter
1067 812 1239 876 eandorem
1268 831 1340 875 eum
1364 813 1507 877 ιιιιὶιιο
1536 809 1657 895 (Jonas
1679 811 1832 896 deperiri
1853 810 1944 874 asiat.
1965 829 2038 896 pag.
2061 811 2144 893 191)

521 945 719 1021 comparant.
762 945 821 996 nn*
843 927 944 1018 (5:22)
966 947 985 987 a
1008 944 1077 1017 *ine
1108 947 1155 1010 pr.
1178 925 1392 1009 perassari,
1428 945 1522 1010 quem
1544 937 1651 988 tamen
1673 919 1888 1008 signifieatum
1907 923 1949 988 ad
1971 923 2144 989 amorem

521 1067 646 1137 qnoque
669 1047 860 1124 niveumque
880 1039 1019 1104 colorem
1044 1038 1210 1103 transferri
1232 1051 1388 1102 testantur
1409 1041 1541 1103 nemine
1564 1053 1684 1132 nana-tn
1706 1045 1878 1104 mereri
1895 1035 1976 1123 Reg.
1992 1041 2031 1115 t,
2050 1041 2071 1103 ³
2091 1037 2142 1122 (4,

521 1169 580 1251 23)
603 1165 643 1230 ni.
667 1163 764 1228 Thes.
780 1161 859 1246 ling.
878 1157 970 1223 hebr.
993 1156 1033 1222 Τ.
1050 1156 1065 1220 Ι
1082 1179 1113 1242 p.
1127 1162 1206 1234 246,
1229 1179 1309 1222 sam.
1331 1155 1501 1228 t'iffi‘ifl
1529 1157 1621 1243 prob.
1650 1174 1792 1242 cygnus,
1821 1156 1962 1242 aethinp.
1983 1139 2142 1236 ¹114ssss

520 1293 696 1366 argentum.
726 1313 769 1324 -
811 1278 883 1366 ιρις
908 1295 927 1335 a
956 1275 1029 1364 {jein
1060 1269 1146 1356 (Ex.
1169 1275 1220 1348 33,
1243 1275 1307 1348 22)
1336 1277 1427 1334 terit
1448 1273 1469 1334 i.
1493 1293 1521 1356 q.
1545 1283 1630 1364 3:29:
1661 1273 1702 1360 *ri
1729 1271 1799 1336 tere
1822 1269 1981 1335 redundat
2001 1289 2045 1333 ex
2066 1282 2143 1334 unta

522 1392 725 1457 Hebraismo.
767 1393 830 1460 ebur
852 1389 892 1454 :b
917 1405 972 1449 cer
994 1391 1082 1448 aivis
1100 1397 1150 1448 eet
1173 1387 1229 1448 nix
1252 1386 1356 1448 media
1378 1397 1411 1447 et
1431 1390 1602 1469 propterea
1624 1390 1763 1462 intacta,
1780 1403 1882 1469 para,
1904 1381 2142 1447 candidissima.

522 1504 668 1590 Denique
688 1501 775 1567 Bora
797 1505 831 1566 in
854 1505 915 1595 :iq
939 1501 1002 1562 vim
1026 1496 1124 1561 habet
1146 1499 1409 1580 comparativam,
1432 1511 1466 1560 ut
1481 1495 1606 1579 haban
1632 1495 1714 1561 Gen.
1732 1503 1762 1576 1,
1776 1503 1833 1562 26:
1854 1511 1988 1590 numanae,
2003 1495 2142 1594 ³³22&

520 1619 560 1682 ei.
583 1623 623 1697 5,
646 1623 683 1680 3:
722 1618 830 1700 inixa,
853 1625 991 1697 inntens,
1029 1610 1070 1674 cf.
1101 1631 1181 1694 quae
1212 1611 1251 1672 de
1279 1608 1340 1673 hae
1367 1613 1439 1674 eins
1468 1585 1643 1694 partiendae
1664 1632 1725 1675 nan
1747 1610 1980 1695 disputavimus
2002 1611 2036 1674 in
2059 1609 2142 1674 Lex.

521 1751 605 1795 men.
630 1728 719 1793 hebr.
742 1700 842 1814 germ.
866 1728 916 1792 ed.
939 1701 986 1788 iV
1008 1745 1036 1809 p.
1051 1731 1113 1788 214
1127 1745 1194 1808 sqq.
1218 1757 1258 1771 -
1303 1719 1630 1808 Candidnmpnellae
1652 1737 1855 1810 pectuscum
1878 1719 1986 1788 ederit
2003 1723 2143 1788 candore

521 1857 739 1929 comparatum
763 1839 862 1905 habes
883 1843 917 1904 iu
940 1837 1055 1903 Amrui
1078 1835 1140 1900 beu
1163 1833 1317 1900 Kelthum
1338 1832 1451 1900 Moall.
1472 1855 1587 1900 nentur.
1611 1841 1662 1902 15.
1721 1815 1728 1828 ’

648 2005 785 2072 Vers.5
815 2001 972 2089 legendus
1000 2001 1127 2064 ridetur
1154 2017 1215 2084 nep
1246 2013 1282 2081 tn
1312 2002 1376 2067 aab
1405 2011 1468 2066 titii
1497 2002 1587 2068 :initi
1615 2013 1651 2070 tn
1681 2013 1764 2086 γι),
1802 2021 1884 2088 quae
1911 1997 2023 2064 ultima
2043 1997 2143 2064 verba

522 2118 779 2204 explanaverim:
802 2126 959 2210 niem-13
986 2115 1050 2207 03}
1073 2117 1152 2204 ιὲἣιξ
1171 2111 1371 2198 pudefactus
1393 2121 1443 2177 ert
1464 2112 1556 2178 eadit
1576 2113 1619 2199 (i.
1638 2135 1667 2178 e.
1688 2136 1816 2180 summa
1837 2115 1967 2182 tristitia
1989 2110 2143 2196 affectus)

514 2231 614 2310 fiditer
635 2235 827 2295 naeniarum
855 2231 877 2292 i.
896 2249 925 2292 e.
950 2237 1044 2314 pee'ta
1066 2227 1219 2290 carminis
1240 2223 1387 2312 lugubria
1413 2241 1535 2296 auster.

649 2391 745 2457 Vera.
767 2397 787 2458 7
809 2393 977 2476 perspicua
998 2391 1147 2455 videntur
1169 2387 1282 2454 verba:
1313 2391 1382 2460 inu
1404 2405 1449 2457 n:
1477 2438 1506 2454 ..
1531 2405 1598 2478 nnn
1699 2389 1740 2454 ai.
1763 2390 1804 2455 ad
1825 2387 1921 2454 Vera.
1940 2395 1969 2452 1.

1273 2611 1395 2678 XLIII.

923 2745 1054 2813 VAS
1102 2745 1816 2816 PANORMITANUM..

651 2912 678 2970 1.
723 2901 793 2966 Vna
821 2901 921 2966 fietile
951 2915 1077 2966 erutum
1106 2901 1285 2980 Panormi,
1329 2902 1404 2966 dum
1439 2900 1650 2966 tardunense
1682 2913 1880 2986 quaeruntur
1913 2899 2003 2964 aedis
2040 2895 2142 2984 Regin

523 3019 699 3102 Gyrnnaain
723 3036 881 3078 annexae.
924 3013 1040 3076 Exstat
1061 3018 1095 3076 in
1109 3015 1260 3087 'eiusdem
1281 3014 1440 3098 gymnasii
1455 3010 1580 3076 Museo.
1623 3009 1770 3076 Titulum
1793 3010 2142 3098 pituaniaiumprimut,

509 3105 580 3196 'sed
602 3131 708 3192 minua
731 3138 896 3202 accurate,
927 3123 1027 3188 edidit
1048 3123 1130 3188 Aur.
1161 3122 1251 3188 Μιιι.
1282 3123 1368 3187 Lurr
1396 3125 1429 3188 in
1453 3124 1531 3188 diss.
1555 3124 1596 3190 de
1617 3121 1764 3190 Scurrae
1784 3123 1951 3208 Martyris
1972 3122 2143 3212 epitaphia

524 3263 594 3328 esp.
611 3239 660 3304 xt
676 3263 705 3324 p.
720 3244 772 3316 86,
795 3239 869 3304 dein
884 3235 1068 3322 diligentius
1084 3233 1281 3298 Casrnuuus
1301 3257 1347 3298 ur.
1364 3233 1612 3316 Toaauuuaza,
1635 3243 1733 3304 t'arcr.
1757 3235 1861 3302 stent.
1886 3260 1916 3323 p.
1929 3243 1991 3303 295
2015 3237 2065 3323 (p.
2081 3242 2139 3302 321

524 3351 647 3434 aaa),
678 3353 768 3416 cuius
790 3347 971 3434 exemplum
995 3351 1189 3434 repetierunt
1211 3347 1418 3433 Bartde'lemy
1440 3353 1472 3412 in
1496 3349 1674 3414 altana-es
1696 3349 1737 3414 de
1750 3349 1959 3416 t'acadente
1980 3347 2020 3414 Τ.
2036 3349 2141 3414 XXX
2159 3365 2166 3375 ’

521 3489 553 3552 p.
576 3471 658 3541 419,
695 3463 806 3527 Lance·
832 3463 871 3524 de
898 3459 1004 3545 lapide
1031 3451 1334 3546 ⁴Carpentoraetensi
1364 3461 1428 3526 tab.
1454 3468 1489 3542 t,
1525 3461 1603 3528 Art.
1633 3463 1674 3526 de
1700 3462 1871 3526 Marmora
1899 3484 1998 3548 repra
2026 3463 2142 3526 mnatre

521 3587 647 3643 manete
659 3559 794 3655 fenicie
818 3577 851 3638 in
867 3573 930 3638 tab.
949 3573 1025 3637 huie
1040 3571 1152 3638 libello
1171 3575 1305 3640 adiecta.
1349 3574 1608 3662 Explicationem
1632 3577 1702 3639 eius
1722 3575 1878 3640 dederuut
1895 3574 2141 3660 Baridelearyat

521 3690 543 3755 l.
558 3713 583 3756 c.
614 3691 761 3754 Lanciar
783 3685 805 3752 l.
823 3707 850 3750 a.
875 3709 906 3772 p.
927 3693 980 3752 48.
1004 3687 1091 3751 della
1113 3685 1286 3750 Marmara
1310 3709 1340 3772 p.
1359 3694 1409 3754 12.
1831 3687 1837 3696 “

650 3877 680 3934 2.
724 3867 774 3932 Ae
797 3866 1046 3950 Barttelemym
1067 3867 1194 3952 quidem
1216 3869 1260 3930 ita
1282 3865 1379 3954 legit:
1427 3833 1430 3840 .

1169 4011 1260 4078 nien
1285 3991 1325 4098 ,ι’
1342 4010 1502 4078 brunnen

522 4169 627 4232 recte,
659 4158 687 4219 si
710 4156 785 4242 quid
805 4157 932 4234 indiae,
962 4167 1088 4239 praeter
1110 4157 1243 4240 primam
1265 4169 1299 4219 et
1319 4157 1444 4218 tertiam
1467 4153 1616 4220 litteram.
1660 4153 1773 4221 Tertia
1794 4157 1880 4220 enim
1903 4169 1952 4220 est
1974 4153 2057 4236 Jad,
2080 4155 2141 4220 her

521 4273 593 4354 ipsa
621 4265 727 4352 figura
757 4266 888 4331 obvium
920 4266 1013 4332 Sard.
1036 4265 1093 4330 lin.
1116 4273 1155 4346 5,
1190 4271 1291 4352 prima
1320 4289 1376 4352 per
1405 4271 1546 4333 rationes
1566 4266 1851 4356 palaeographiaas
1872 4269 1928 4334 He
1948 4271 2142 4354 esse'poaait

522 4382 574 4467 (x.
592 4379 645 4444 He
668 4382 701 4446 iu
724 4377 911 4463 Erycina),
933 4380 989 4444 sed
1012 4381 1198 4444 advertatur
1216 4379 1346 4466 linguae
1367 4403 1457 4459 nsua,
1480 4384 1534 4468 qui
1554 4382 1723 4448 articulum
1745 4395 1820 4447 aute
1843 4403 1959 4448 nomen
1977 4384 2141 4470 preprium

521 4535 733 4620 compositum
764 4551 828 4595 nnn
858 4531 930 4597 fert.
988 4531 1072 4597 Mihi
1103 4531 1183 4597 haee
1203 4531 1309 4598 littera
1331 4531 1495 4620 flagitante
1518 4557 1620 4622 paene
1643 4537 1802 4602 sententia
1827 4537 1873 4602 ita
1909 4489 2142 4642 ''lauribeuda

522 4685 553 4734 et
577 4669 705 4735 Lamed
724 4689 796 4733 esse
818 4669 953 4734 videtur.
998 4667 1230 4756 Legaigitur:

1149 4802 1264 4905 nien
1296 4827 1341 4930 ,ι
1372 4804 1551 4930 brenni

1539 4905 1548 4938 Ι
1844 4933 1846 4938 .

523 4981 617 5064 idque
645 4979 737 5066 siguli
771 5003 887 5046 nomen
915 5002 988 5046 esse
1016 5003 1087 5046 num
1116 4979 1345 5066 Barthelemyo
1372 5005 1498 5048 censeo.
1550 4982 1642 5048 Prius
1678 5005 1710 5046 n.
1739 5005 1787 5069 pr.
1817 4986 1935 5072 biiii?
1962 4980 2138 5070 significat:

524 5095 660 5178 (qnam)
691 5101 865 5160 suscitavit
894 5093 998 5173 Bari,
1036 5095 1077 5158 ni.
1109 5092 1169 5157 Cit.
1199 5101 1248 5159 16.
1280 5101 1336 5169 17;
1372 5097 1529 5181 posterius
1559 5095 1648 5159 reddi
1677 5109 1797 5181 potest:
1834 5071 2046 5176 condonatio,
2076 5097 2140 5162 uisi

525 5205 607 5269 torre
645 5207 735 5274 trion
773 5209 925 5293 seriptum
961 5223 1010 5274 est
1047 5229 1103 5292 pro
1140 5211 1232 5276 niun
1273 5209 1407 5296 (niun)
1441 5207 1559 5287 selein,
1589 5227 1741 5294 prosper.
1783 5247 1827 5262 -
1876 5209 2010 5298 Signum
2039 5207 2138 5288 iliud,

524 5317 608 5403 qnod
637 5313 774 5380 litteram
805 5333 981 5384 extremam
1010 5323 1146 5406 exeipit,
1183 5343 1305 5386 merum
1335 5295 1558 5388 nruamentum
1592 5342 1684 5403 ease,
1723 5325 1775 5390 cni
1802 5322 1999 5391 simillimam
2032 5337 2139 5389 axstat
2212 5381 2223 5400 ,
