4992 6292
368 614 741 685 PALAEOGIIAPHIA
755 614 1039 684 GOMPARA'I'A.
1084 613 1896 688 e.scttrnt·.flsattns0tt.1t'tsntttsmr.
1942 629 1991 704 79

368 809 508 874 maxime
532 825 552 870 a
572 801 754 872 Francitoo
776 805 919 870 Feretrio
940 801 1072 888 chero
1094 807 1142 890 (1.
1164 807 1225 890 3),
1246 795 1319 892 'qui
1344 805 1470 872 duobus
1489 804 1600 872 libris:
1628 808 1794 876 deserni
1815 803 1988 878 Hebraeo-

368 917 614 998 sacratarn,
654 914 826 982 Valentino
851 918 1088 996 Edetaoorum‚
1127 923 1220 982 1781.
1257 927 1292 988 4.
1327 917 1505 984 Nauorum
1534 919 1988 990 hebraeo-ranaruamron

373 1034 564 1110 Vindictae,
594 1033 687 1096 1⁷90.
708 1037 740 1094 4.
769 1031 911 1115 priorum
939 1043 1104 1095 auctorum
1132 1027 1244 1094 laudes
1272 1028 1370 1116 longo
1399 1033 1580 1117 superavit,
1610 1035 1814 1121 omniumque
1835 1037 1990 1122 rrrli'ragia

366 1149 501 1225 meruit,
531 1145 650 1208 frustra
675 1141 841 1207 lacessitus
864 1165 883 1207 a
908 1141 948 1210 G.
975 1143 1010 1207 θ.
1039 1141 1236 1226 Tyclroat'o,
1268 1145 1359 1208 cuius
1381 1141 1509 1208 libellos
1528 1143 1656 1209 silentio
1680 1149 1863 1222 transimus.

494 1271 588 1350 Quod
610 1273 722 1336 doctos
743 1267 798 1334 illo
820 1269 988 1356 Hispanus
1009 1291 1051 1335 ex
1074 1269 1190 1337 horum
1211 1293 1381 1336 numorum
1404 1271 1587 1359 epigraphis
1603 1277 1768 1338 contexuit
1785 1259 1989 1362 ¹alphabetum

366 1389 417 1473 (p.
439 1393 512 1452 114.
536 1387 652 1450 vindic.
673 1403 704 1470 p.
732 1384 832 1468 111),
868 1403 964 1468 saepe
985 1403 1134 1448 recusum
1157 1397 1206 1449 ast
1239 1383 1385 1466 (Eclthel
1407 1386 1506 1450 doctr.
1530 1405 1616 1450 num.
1640 1384 1705 1464 111,
1726 1391 1799 1451 404.
1843 1386 1992 1454 Miconot

367 1497 499 1564 Recueil
520 1497 584 1562 tab.
602 1499 681 1579 16),
711 1495 847 1560 subinde
870 1509 998 1560 coctum
1021 1518 1041 1560 a
1062 1496 1199 1582 Koppt'o
1222 1496 1283 1582 (11,
1300 1519 1332 1582 p.
1347 1493 1409 1562 111
1423 1497 1513 1584 sqq.)
1536 1509 1568 1561 et
1583 1497 1791 1585 Lindbergio
1811 1501 1877 1580 (do
1892 1503 1990 1566 iosor.

366 1611 465 1676 malit.
487 1633 518 1696 p.
538 1609 618 1693 67)t
652 1608 788 1674 anobis
814 1608 879 1673 tab.
902 1613 921 1673 3
946 1607 1006 1673 col.
1029 1615 1058 1672 1.
1082 1611 1116 1672 in
1139 1609 1269 1675 brevius
1298 1623 1495 1674 contractum
1517 1611 1611 1675 etad
1634 1625 1748 1696 ectypa
1769 1611 1991 1676 Mionnetiana

365 1727 517 1790 naisum.
567 1719 719 1809 Singulas
750 1724 784 1786 in
814 1741 854 1785 eo
876 1719 1054 1785 litterarum
1075 1721 1195 1787 formas
1215 1727 1262 1786 ita
1283 1723 1516 1806 disposuimus,
1546 1735 1581 1785 ut
1601 1723 1729 1787 initium
1750 1723 1927 1788 faceremus
1947 1723 1988 1788 ah

364 1837 423 1916 iis,
460 1853 542 1922 quae
573 1835 614 1898 ad
643 1832 835 1899 Phoenicius
862 1835 1009 1920 proxima
1038 1835 1210 1914 accedunt,
1248 1836 1466 1899 desineremus
1493 1836 1528 1898 in
1558 1855 1634 1915 eas,
1670 1855 1756 1923 qum¹
1780 1835 1990 1902 samaritanis

365 1946 487 2012 similes
514 1961 598 2012 sunt

490 2073 636 2162 Singulis
656 2089 763 2140 antem
783 2071 973 2162 quibusdam
994 2071 1107 2161 figuris
1129 2069 1328 2139 illustrandis
1351 2073 1430 2139 haec
1451 2077 1645 2140 inserviant:
1710 2071 1721 2088 '

494 2207 549 2273 He
566 2203 700 2270 alterum
713 2207 759 2270 ita
772 2217 876 2270 ortum
893 2227 935 2268 ox
950 2205 1074 2291 priore,
1096 2217 1131 2268 ut
1148 2205 1211 2270 duo
1228 2201 1360 2268 brachia
1373 2204 1528 2271 iuferiora
1544 2205 1604 2272 sub
1619 2203 1717 2268 finem
1731 2205 1901 2270 coniuncta
1915 2209 1988 2272 sint.
2015 2249 2016 2254 κ

500 2333 569 2402 I'ao
601 2333 728 2400 litterae
765 2337 872 2400 variae
909 2334 1033 2401 formae
1070 2335 1146 2400 huic
1180 2334 1356 2418 scripturae
1388 2356 1519 2419 prorsus
1548 2333 1744 2422 peculiares,
1780 2335 1820 2398 de
1856 2357 1989 2420 quarum

366 2453 491 2538 origine
513 2451 586 2516 vido
606 2451 632 2528 ἦ.
651 2453 690 2514 17
710 2461 775 2512 not.

496 2578 588 2666 Caph
608 2581 642 2641 iu
664 2575 782 2661 Bayeri
803 2574 974 2662 alphabeto
997 2577 1150 2640 omissum
1172 2595 1216 2638 cx
1238 2545 1412 2640 Ionathanl
1430 2593 1529 2640 numo
1551 2573 1711 2660 supplevit
1732 2573 1891 2660 Koppius.

494 2707 574 2774 Nun
599 2705 725 2770 litterae
748 2720 860 2792 quarta
881 2705 987 2792 figura
1008 2705 1120 2768 eadem
1140 2716 1298 2790 potestate
1321 2717 1370 2768 est
1391 2705 1424 2766 iu
1447 2705 1544 2767 iuscr.
1568 2702 1686 2788 phoen.
1708 2703 1857 2787 Erycina.

497 2837 587 2902 Zoilo
607 2859 650 2901 ex
671 2831 784 2924 figuris
806 2833 990 2922 phoenicis,
1013 2858 1065 2900 no.
1091 2841 1121 2910 1.
1146 2841 1165 2898 1
1187 2856 1284 2922 scapo
1306 2833 1432 2900 abiecto
1455 2850 1559 2900 ortum
1582 2849 1641 2898 est.

492 2977 531 3042 In
554 2978 739 3040 universum
764 2975 999 3040 observandum
1021 2989 1085 3054 est,
1119 2973 1242 3041 litteras
1265 2974 1366 3054 Beth,
1396 2973 1500 3040 Besoh
1531 2971 1688 3060 capitibus
1712 2993 1849 3059 superna
1872 2975 1989 3059 apertis

367 3096 402 3158 in
424 3091 485 3156 hac
506 3085 680 3173 scripturn,
717 3101 753 3152 ut
774 3089 808 3152 in
832 3086 1020 3173 phoenicia,
1048 3109 1144 3183 raros
1168 3109 1256 3152 esse:
1287 3102 1379 3154 notas
1411 3110 1436 3152 s.
1462 3086 1635 3150 verborum
1657 3087 1844 3171 compendia
1868 3089 1987 3172 passim

368 3203 508 3270 inveniri
525 3201 573 3286 (ut
588 3221 647 3284 pro
662 3199 767 3282 nint):
790 3197 1065 3284 orthographiam,
1086 3221 1167 3284 quae
1182 3201 1267 3286 apud
1280 3199 1460 3265 Phoenices
1475 3199 1634 3265 defectiva
1649 3222 1720 3265 etse
1735 3199 1828 3277 solet,
1851 3197 1987 3264 subinde

368 3320 433 3381 iam
456 3311 582 3399 plenam
606 3332 678 3376 asse
699 3331 731 3376 1.
756 3331 783 3373 c.
805 3326 915 3396 nurrp
939 3313 1093 3390 1111111111,
1123 3334 1303 3400 quanquam
1326 3315 1423 3378 etiam
1446 3330 1541 3400 aurp
1566 3317 1706 3392 11111111,
1729 3309 1890 3376 scribitur.

1122 3529 1150 3608 ἦ.
1184 3533 1234 3594 51.

735 3735 739 3744 ,
858 3660 1093 3748 Scriptura
1124 3659 1497 3732 Samaritanorum.

498 3817 768 3883 Samaritanorum
790 3813 967 3878 litterarum
986 3812 1104 3901 duplex
1126 3828 1176 3880 est
1196 3837 1321 3904 genus,
1346 3815 1482 3882 altarum
1505 3815 1609 3880 maios
1628 3817 1772 3882 codicum
1785 3814 1988 3896 biblicorum,

370 3932 504 4000 alterum
525 3931 631 3993 miuus
651 3925 807 3992 librorum
828 3927 1061 4018 liturgicorum.
1160 3953 1176 3984 ο

498 4043 590 4108 Prius
610 4037 714 4118 illud,
754 4062 817 4127 quo
848 4064 912 4108 non
940 4039 1045 4108 solum
1076 4041 1282 4108 Pentatouohi
1314 4044 1440 4108 codices
1472 4041 1569 4106 hodic
1592 4041 1779 4124 superstites
1801 4059 1885 4106 socc.
1907 4037 1991 4104 XIII

307 4195 309 4200 ·
369 4160 409 4224 ad
432 4153 517 4222 XVI
539 4155 650 4240 scripti
673 4167 764 4232 sunt,
804 4158 862 4220 sed
883 4158 980 4220 etiam
1006 4154 1160 4242 epistolae
1181 4155 1222 4220 ab
1244 4155 1339 4220 huius
1361 4156 1466 4242 gentis
1488 4149 1683 4218 antistitibus
1704 4153 1745 4216 nd
1767 4153 1854 4216 viros
1880 4153 1990 4216 doctos

370 4273 404 4336 in
426 4271 555 4354 Europa
577 4267 670 4332 datae
691 4266 736 4348 ¹⁸),
767 4267 888 4352 pariter
908 4282 1002 4356 atquo
1024 4272 1181 4355 sculptura
1202 4270 1371 4355 quadrata,
1411 4266 1676 4354 calligraphorum
1706 4265 1833 4350 quidem
1855 4262 1991 4328 artificia

371 4392 631 4471 expertumest,
670 4377 727 4442 sed
759 4379 792 4441 in
822 4375 967 4463 plurimis
996 4395 1101 4444 tamon
1127 4379 1240 4468 figuris
1262 4380 1429 4469 exemplar
1449 4401 1543 4446 suum
1566 4378 1741 4444 manifesto
1757 4379 1873 4464 prodit.
1916 4374 1990 4442 Una

370 4491 567 4561 sibilantium
590 4491 707 4576 (Saia,
730 4485 887 4570 Samoch,
909 4489 1016 4578 Zade)
1039 4496 1129 4579 origo
1152 4493 1336 4574 obscurior,
1361 4515 1463 4580 neque
1478 4489 1573 4556 focile
1588 4493 1694 4571 dicas,
1717 4491 1803 4556 unde
1822 4494 1990 4576 repetitum

371 4611 413 4673 sit
448 4605 549 4686 Sain,
584 4606 668 4670 unde
707 4601 794 4669 Zade
830 4625 869 4667 ea
903 4625 997 4689 quarn
1032 4603 1142 4670 tabula
1174 4607 1313 4672 ostendit
1345 4605 1450 4694 figura
1485 4607 1624 4691 pictum,
1664 4624 1726 4698 qua
1761 4603 1800 4666 de
1836 4623 1871 4666 re
1903 4603 1987 4686 apud

370 4751 786 4772 Ἦ--Α-

426 4845 457 4913 1)
475 4847 519 4898 De
537 4844 677 4897 codicibus
693 4842 868 4897 Pentateuchi
883 4841 1057 4910 Samaritani,
1077 4857 1147 4911 quo-
1216 4849 1270 4898 Jor.
1295 4847 1466 4911 scaligerum,
1496 4847 1553 4898 Iob.
1580 4841 1732 4908 ludolfum,
1767 4841 1933 4907 Gregoriom,
1964 4850 1992 4893 et

370 4961 431 4997 rum
449 4939 630 5011 septendecim
648 4939 701 5006 (ad
719 4939 836 4994 sedecim
857 4957 872 4992 a
890 4937 1052 4992 Kenaiootto
1070 4946 1097 4991 et
1112 4939 1146 4992 de
1216 4943 1361 4992 Srioemm
1381 4944 1412 4994 de
1432 4943 1499 5006 Sooy
1515 4939 1581 4994 datis
1607 4956 1634 4993 r.
1654 4941 1686 4990 tle
1708 4939 1774 5002 Sooy
1791 4935 1930 4989 thoaes
1947 4955 1990 4988 rur
2114 4938 2118 4946 '

373 5035 469 5092 Rorslo
490 5037 638 5105 descriptos
663 5055 733 5090 unus
760 5035 864 5088 accedit
884 5035 1024 5088 Gothsnns
1044 5043 1146 5103 partem
1214 5033 1283 5088 i’ltot
1308 5043 1391 5089 actori
1414 5040 1458 5089 des
1477 5036 1643 5087 Somorr'toinr
1667 5049 1694 5100 p.
1716 5027 1751 5085 47
1769 5049 1828 5102 sqq.
1851 5041 1878 5086 et
1902 5031 1987 5087 mund.

374 5133 511 5188 Geneseos
528 5132 687 5202 contineor)
713 5133 741 5186 iu
761 5135 885 5202 Europae
906 5131 1077 5206 bibliothecis
1097 5147 1147 5184 ex·
1216 5133 1435 5200 corresponderet
1459 5133 1503 5182 der
1529 5132 1696 5192 Samaritoinr
1720 5130 1752 5181 de
1776 5131 1927 5198 Nopionre,
1960 5128 1988 5180 io

373 5237 462 5296 amnt,
484 5231 575 5297 panoit
594 5230 710 5284 diximus
728 5229 757 5283 in
776 5234 909 5284 cormmr.
928 5232 1041 5282 dePent.
1057 5231 1147 5281 Sumo·
1216 5227 1318 5280 Notiora
1336 5239 1360 5280 et
1380 5231 1493 5281 Extruitr
1511 5229 1545 5280 T.
1563 5227 1628 5279 xil.
1653 5224 1833 5285 Paris·1829.

375 5328 458 5380 ritum
483 5325 587 5393 (Helue
605 5327 681 5383 1815.
705 5326 748 5390 t.)
772 5344 799 5395 p.
818 5330 861 5381 17.
896 5327 939 5380 De
967 5325 1089 5394 epistolis
1113 5325 1145 5377 sd
