4978 6296
702 639 763 706 DE
785 637 994 706 LITTERIS
1016 634 1269 724 enoettlctts
1290 636 1350 704 ΕΤ
1373 635 1619 704 Nunssulcts.
1663 709 1674 732 ἱ
1930 643 1978 714 17

350 851 392 895 ex
413 826 587 893 llumbarti
609 849 718 914 apogr.
736 829 839 892 inser.
860 823 990 891 Numid.
1010 833 1051 905 4,
1072 824 1128 890 lin.
1161 831 1199 904 1,
1229 821 1286 911 lig.
1313 831 1335 888 4
1362 821 1479 900 Schin3
1515 824 1575 888 suh
1610 823 1692 890 oter
1722 845 1787 890 nna
1815 839 1864 890 est
1886 824 1979 908 Beth,

349 939 450 1006 altera
470 941 613 1016 Lamedt
634 939 696 1006 sub
711 937 792 1004 Nun
813 961 872 1006 sex
896 951 971 1004 sunt
992 941 1097 1026 signa,
1120 958 1254 1024 quorum
1277 939 1412 1022 primum
1435 950 1485 1002 est
1505 933 1625 1018 Schin,
1647 936 1783 1004 altorum
1805 936 1894 1020 Tau,
1918 946 1981 1008 tria

353 1056 521 1145 sequentia
542 1053 685 1131 Lamed,
707 1049 854 1116 ultimum
877 1050 966 1131 Tan,
988 1049 1111 1115 nullum
1133 1048 1227 1125 Nun';
1257 1050 1318 1114 sub
1341 1046 1482 1132 Saureclq
1507 1071 1608 1114 ιιιιιιιιι
1630 1063 1680 1114 est
1707 1053 1855 1137 signum,
1884 1055 1980 1142 idque

350 1165 469 1242 Schin3
493 1163 556 1230 snb
579 1163 681 1232 setta
703 1167 767 1230 dno
789 1161 868 1240 Tet3
890 1185 972 1250 quae
994 1159 1128 1228 ulterius
1151 1164 1298 1249 persequi
1320 1175 1353 1226 et
1373 1161 1506 1248 longum
1529 1177 1579 1227 est
1600 1175 1632 1226 et
1654 1163 1750 1226 taedii
1772 1161 1909 1252 plenum.

475 1275 553 1370 Noq
578 1279 739 1364 integrum
768 1275 992 1363 alphabetum,
1022 1276 1080 1340 sed
1101 1273 1253 1362 pleraque
1274 1287 1380 1339 tamen
1402 1273 1580 1354 elementa,
1612 1271 1761 1340 videlicet
1781 1297 1822 1342 ea
1843 1301 1924 1364 quae
1946 1283 1979 1346 in

351 1413 510 1457 marmore
526 1389 690 1456 Melitensi
714 1389 852 1477 bilingui
873 1403 964 1468 sunt,
987 1391 1216 1482 commentario
1235 1387 1406 1453 utilissimo
1421 1385 1596 1452 illustravit
1611 1383 1803 1480 Lindberg,
1824 1392 1865 1456 de
1883 1395 1980 1458 inser.

352 1501 517 1569 Melitensi
536 1525 566 1590 p.
581 1509 697 1590 Ssqq.:
720 1501 854 1569 meliora
871 1505 966 1566 etiam
983 1504 1131 1581 daturus,
1155 1502 1216 1565 nisi
1232 1501 1455 1587 praeiudicatis
1468 1499 1631 1566 nonnullis
1646 1503 1852 1588 opinionibus
1867 1505 1982 1572 ductus

351 1617 474 1696 fnisset,
490 1615 662 1703 exquibus
678 1637 735 1680 ceu
751 1613 946 1701 perennibus
961 1614 1102 1680 fontibus
1116 1613 1223 1700 plures
1235 1635 1361 1678 errores
1376 1611 1609 1702 profluxerunt.
1644 1613 1792 1680 Primarii
1805 1614 1841 1680 hi
1855 1639 1982 1685 errores

350 1733 524 1820 praecipuo
554 1741 725 1794 versantur
753 1725 786 1792 i'rr
808 1727 948 1793 lectione
970 1727 1159 1814 epigraphes
1179 1725 1379 1792 Cossuraeae
1400 1743 1511 1814 nnnup
1540 1728 1656 1813 (quatu
1678 1728 1798 1794 dudum
1820 1724 1984 1798 refelleret

253 1909 255 1916 .
351 1839 517 1932 Bayerus)
539 1864 599 1929 pro
620 1855 732 1922 brnen,
762 1855 794 1906 et
815 1839 898 1906 alius
921 1841 1084 1906 africanae
1107 1859 1178 1930 upa
1203 1843 1281 1927 (pro
1302 1841 1400 1926 qpu),
1432 1841 1515 1904 unda
1537 1840 1656 1905 factum
1678 1853 1727 1905 est
1747 1855 1783 1906 ut
1802 1817 1864 1912 snb
1884 1841 1982 1933 Koph

351 1958 436 2042 apud
458 1977 551 2036 eum,
575 1969 611 2019 nt
627 1957 713 2041 apud
732 1953 941 2034 Dutensinm,
962 1969 1145 2040 cornpareat
1166 1975 1282 2042 magna
1302 1957 1351 2018 vis
1373 1952 1569 2041 figurarum,
1592 1975 1673 2042 quae
1686 1951 1794 2042 Aleph
1809 1971 1899 2038 sunt,
1921 1955 1982 2024 sub

352 2041 452 2134 Schin
475 2067 592 2147 multa,
616 2089 698 2156 quae
719 2065 780 2132 Jod
801 2081 878 2132 sunt
899 2078 960 2137 cet.
1003 2062 1068 2131 Sed
1091 2067 1131 2132 tls
1154 2067 1206 2132 his
1227 2067 1312 2130 infra
1332 2065 1522 2132 videbimus.

480 2181 586 2246 Etiam
615 2183 649 2244 iu
680 2203 719 2244 ea
749 2202 844 2267 quam
873 2201 932 2244 nos
954 2177 1161 2245 exhibuimus
1182 2178 1360 2244 litterarum
1390 2179 1773 2265 punico-numidicarnm
1795 2163 1983 2252 recensione

355 2289 519 2380 (Paliogr.
538 2293 671 2358 Studien
690 2293 754 2358 tab.
772 2295 805 2376 6)
827 2315 914 2357 nunc
938 2294 1016 2378 ipsis
1039 2296 1256 2358 monumentis
1278 2295 1430 2378 inspectis
1451 2290 1608 2357 nonnulla
1622 2287 1793 2358 emendare
1806 2318 1983 2382 possumus

352 2403 403 2470 lta
433 2405 494 2472 sub
520 2405 611 2491 Caph
642 2404 698 2493 fig.
720 2415 760 2486 4,
796 2405 856 2471 sub
884 2401 987 2470 Sabin
1015 2403 1114 2492 figo
1142 2409 1270 2492 spuriae
1293 2417 1368 2470 sunt
1396 2420 1428 2469 et
1449 2425 1490 2470 ex
1513 2401 1881 2494 apographorum'vitiis
1903 2425 1982 2478 orta.

352 2517 523 2584 Praeterea
545 2518 606 2583 sub
627 2518 696 2585 tat
712 2518 767 2608 fig.
790 2525 809 2584 8
831 2531 881 2584 est
907 2517 1007 2598 Clusi,
1033 2533 1066 2582 ut
1086 2518 1172 2584 infra
1193 2518 1359 2583 docebitur
1382 2515 1422 2584 ad
1444 2515 1574 2584 Numid.
1596 2527 1628 2582 4.

1120 2726 1151 2802 i.
1179 2727 1210 2788 9.

814 2855 875 2922 De
904 2863 1056 2924 nativa
1086 2857 1527 2946 litterarunfigura.

482 2990 589 3070 Quum
605 2995 638 3057 in
654 2991 815 3080 plerisque
832 2991 947 3060 litteris
963 3015 1081 3080 magna
1096 2997 1138 3059 sit
1151 2993 1325 3060 formarum
1343 2995 1499 3072 varietas,
1521 2996 1621 3058 oritur
1640 2995 1804 3079 quaestio,
1823 3017 1981 3084 quaenam

354 3101 468 3168 harum
498 3105 672 3170 formarum
701 3109 943 3193 antiquissimae
974 3109 1154 3194 censendae
1184 3109 1249 3171 sint
1275 3119 1308 3170 et
1333 3128 1447 3174 recens
1473 3108 1613 3172 inventis
1643 3105 1837 3188 simillimae.
1890 3107 1985 3188 Quot

355 3221 559 3304 quantumvis
587 3219 620 3280 in
655 3217 792 3304 singulis
820 3220 952 3286 dubium
983 3222 1045 3300 sit,
1082 3223 1117 3284 in
1149 3222 1335 3284 nniversam
1365 3233 1472 3284 minen
1501 3241 1559 3282 eae
1585 3217 1709 3306 figurae
1738 3228 1985 3308 antiquissimae

353 3327 523 3394 habendae
542 3343 636 3414 atque
659 3337 814 3395 natiuae:

484 3443 518 3528 t)
549 3439 642 3517 Quae
672 3445 705 3507 in
737 3445 953 3544 monumentis
982 3455 1015 3507 et
1041 3444 1271 3529 antiquissimis
1301 3458 1333 3510 et
1359 3447 1599 3510 accuratissime
1621 3447 1748 3530 scriptis
1770 3463 1984 3534 compareant,

355 3553 442 3618 relnt
466 3555 499 3618 in
523 3557 629 3620 nnmis
651 3553 977 3640 Cilica-phoeniciis,
1001 3553 1137 3634 Siculis,
1160 3557 1193 3618 in
1216 3578 1375 3622 marmore
1397 3556 1563 3624 Melitensi
1585 3556 1733 3644 bilingui.

485 3667 518 3752 2)
552 3665 687 3754 Figurae
704 3671 875 3754 pleniores
897 3665 1039 3754 talesque
1062 3689 1104 3732 ex
1127 3667 1242 3754 quibus
1269 3667 1398 3735 labente
1425 3684 1528 3734 aetate
1552 3685 1585 3734 et
1604 3675 1733 3758 vigente
1757 3670 1985 3758 tachygraphia

354 3777 496 3867 reliquae
526 3785 755 3847 contractiores
784 3781 943 3868 originem
964 3781 1136 3848 duxerunt
1170 3783 1215 3867 (5.
1242 3787 1282 3847 10
1320 3783 1400 3868 24),
1437 3784 1469 3846 in
1501 3782 1551 3848 his
1579 3785 1748 3870 praecipue
1778 3805 1860 3868 quae
1889 3781 1985 3848 lineis

357 3920 455 3984 rectis
477 3930 509 3981 et
532 3916 660 4006 angulis
680 3920 783 3984 acutis
805 3919 908 4003 pictae
930 3929 1022 3996 sunt,
1053 3913 1141 3980 velat
1160 3907 1247 4034 lkp,
1270 3891 1368 4033 Α,
1409 3939 1452 3982 ex
1489 3915 1605 4004 quibus
1639 3917 1819 3982 scribarum
1857 3919 1984 3984 domurn

358 4086 548 4153 festinantia
578 4086 781 4150 rotundiores
808 4085 930 4150 formae
967 4053 1074 4194 Ἡ,
1100 4067 1178 4196 “s
1203 4097 1292 4149 ortae
1313 4083 1438 4174 sunt*).

483 4223 517 4310 3)
540 4221 634 4304 Quae
657 4242 726 4286 cunr
749 4228 986 4308 antiquissimis
1006 4227 1139 4308 graecis
1162 4223 1331 4286 elementis
1359 4230 1564 4310 cwgruant3
1595 4221 1751 4310 siquidem
1781 4219 1897 4288 Graeci
1921 4220 1986 4286 ele·

357 4351 466 4403 menta
487 4359 547 4400 sua
569 4339 633 4398 iarn
656 4348 779 4398 mature
803 4348 834 4397 et
850 4333 935 4399 hand
958 4331 1058 4398 multo
1080 4347 1155 4420 post
1176 4331 1355 4424 litterarum
1377 4336 1595 4404 inventionem
1618 4334 1873 4416 ashoenicibns
1897 4357 1986 4400 acce-

356 4463 489 4538 perunt,
513 4469 616 4534 neque
638 4445 772 4510 multum
795 4447 1023 4530 immutarunt,
1057 4448 1280 4534 antiquissima
1299 4461 1407 4512 autern
1428 4441 1636 4514 monumenta
1658 4446 1782 4514 Graeca
1802 4447 1986 4512 Phoeniciis

357 4577 463 4628 aetate
485 4564 655 4648 superiora
675 4572 760 4624 sunt.

482 4680 519 4758 4)
543 4673 635 4752 Quae
658 4695 727 4738 curn
743 4678 870 4738 nomine
887 4671 1040 4736 elementi
1055 4679 1261 4738 conueniant.
1307 4671 1395 4738 Satis
1411 4675 1497 4738 enirn
1513 4687 1657 4754 constat,
1679 4671 1856 4736 litterarum
1874 4673 1986 4734 ineen-

356 4803 445 4854 tores
466 4791 500 4853 in
524 4785 682 4874 eligendis
705 4783 935 4850 elementorum
958 4781 1072 4870 figuris
1094 4785 1339 4872 nontinibusque
1361 4787 1392 4850 id
1418 4790 1545 4874 egisse,
1576 4801 1611 4850 nt
1631 4788 1721 4848 cuius
1743 4786 1790 4848 rei
1813 4785 1984 4870 imaginem

357 4903 519 4968 rudiorem
543 4900 735 4965 elementum
759 4895 887 4985 aliquod
909 4895 1044 4960 referret
1072 4898 1214 4962 eiusdem
1236 4921 1351 4963 nomen
1383 4901 1414 4962 ei
1438 4898 1699 4979 tribueretur**)‚
1730 4899 1779 4959 cui
1801 4895 1916 4962 similis
1937 4912 1987 4962 est

356 5012 518 5100 alphabeti
539 5015 654 5078 rnssici
677 5027 709 5077 et
727 5009 1009 5098 hieroglyphorum
1031 5007 1272 5096 phanaticorum
1297 5013 1379 5099 apud
1402 5009 1578 5098 Aegyptios
1600 5011 1717 5107 ratio.¹
1749 5096 1751 5105 Ι
1847 4984 1849 4995 ¹

411 5217 436 5286 ⁶)
461 5223 576 5274 Perraro
594 5221 701 5289 plenior
720 5221 807 5274 iorrna
829 5217 965 5272 recentior
982 5231 1042 5270 esse
1060 5215 1183 5282 videtur,
1208 5217 1284 5270 relat
1302 5213 1390 5270 Resch
1407 5215 1443 5270 ita
1464 5213 1563 5284 pictam
1593 5187 1637 5274 fl
1668 5223 1695 5268 et
1727 5215 1754 5268 iu
1788 5215 1986 5271 recentioribus

358 5323 460 5370 ιιιιιιιιιιι
478 5317 658 5372 maurimontis
677 5317 803 5378 obvium.
830 5331 863 5370 eo
890 5312 956 5368 illud
981 5313 1095 5368 coneilio
1113 5312 1268 5380 inventam,
1288 5321 1318 5366 nt
1338 5331 1353 5368 a
1371 5313 1442 5368 Beth
1460 5313 1566 5368 facilius
1585 5313 1769 5388 distinguatur.

411 5411 452 5480 ⁶⁸)
475 5413 545 5468 Vide
566 5415 628 5468 hist.
652 5413 757 5486 linguae
775 5413 850 5466 hebr.
872 5429 898 5480 p.
918 5413 969 5466 167
991 5429 1049 5481 sqq.

1580 5519 1599 5578 3
