4938 6302
826 639 866 706 ι.
912 635 1074 708 euntes
1096 639 1218 710 ueun
1239 634 1469 712 mserum
1590 743 1594 748 Ι
1887 647 1961 728 ,ιιι

333 849 408 929 '¹2²2
437 828 662 914 (indicatum)
697 823 1090 914 spnd'lleller'rnannotm
1135 849 1315 919 quanquam
1349 833 1382 898 ln
1415 849 1454 899 eo
1483 843 1497 900 ι
1525 825 1687 900 serentum
1716 845 1775 900 est.
1816 865 1858 882 -
1910 833 1962 899 Ad

332 947 526 1010 sententiam
555 941 597 1007 ci.
625 956 671 1008 sc.
694 945 726 1020 2,
757 944 816 1006 82:
846 941 1041 1008 Antidamae¹
1060 941 1184 1023 litium,
1202 954 1205 965 '
1221 943 1365 1025 Quaero.
1390 945 1623 1028 commonstra,
1658 945 1847 1025 sinecion,
1873 945 1961 1033 Ago·

334 1046 515 1122 rnrtoclern.
537 1053 695 1142 'Ecquem
717 1051 954 1134 adolescentem
975 1067 1010 1120 tu
1032 1055 1086 1120 irio
1108 1057 1226 1121 novirti
1247 1057 1512 1146 Agorastoclem

1084 1187 1114 1270 §-
1159 1193 1210 1258 13.

768 1297 830 1368 De
867 1297 1066 1369 nereides
1107 1297 1533 1390 lily-Phoeniciis.
1570 1289 1574 1300 ’
1657 1328 1661 1340 ·

1009 1418 1286 1479 mian-m

462 1517 513 1584 De
535 1519 587 1584 bio
609 1513 742 1584 vocibus
762 1519 884 1604 primus
905 1533 1015 1582 veram
1037 1521 1229 1586 senteutiam
1253 1519 1337 1586 dixit
1360 1517 1580 1701 Q,
1610 1523 1700 1604 ouius
1717 1523 1815 1594 verba
1834 1532 1959 1617 integra

334 1631 565 1700 adscribimus:
606 1625 711 1726 „Vir
723 1623 941 1716 amplissimus
963 1625 1006 1696 D.
1028 1625 1071 1696 D.
1094 1631 1215 1699 Sarrau
1241 1635 1368 1700 monuit
1394 1650 1444 1699 me
1468 1651 1526 1722 per
1563 1640 1672 1704 itteras
1699 1632 1804 1704 virum
1825 1641 1958 1706 maximi

294 1798 307 1830 ,
333 1745 474 1813 nominis
496 1745 537 1810 de
558 1741 689 1810 Punicis
711 1739 860 1810 versibus
882 1745 936 1829 qui
959 1737 1118 1810 habentur
1139 1743 1235 1812 initio
1258 1745 1362 1814 'Actus
1392 1750 1493 1835 quinti
1515 1748 1562 1814 sio
1585 1759 1734 1816 statuere.
1786 1747 1842 1818 Bis
1864 1749 1959 1819 iniis

333 1859 365 1925 id
394 1861 500 1946 iprum
532 1853 653 1923 Punice
685 1859 762 1942 poni
789 1875 834 1922 ex
860 1849 982 1942 duplici
1009 1847 1191 1944 scripturn,
1227 1857 1311 1947 quod
1339 1861 1446 1926 stetim
1470 1855 1585 1928 Latine
1609 1861 1786 1930 subiicitur.
1831 1865 1959 1952 Egere

333 1991 490 2059 perpensa
517 1967 716 2048 accuratior,
765 1971 874 2034 sentio
902 1990 921 2032 e
952 1967 1094 2034 sedecim
1128 1972 1275 2039 versibus
1311 1973 1421 2038 decem
1454 1979 1577 2060 priores
1607 1977 1958 2056 ersexPonicosssex

335 2087 529 2178 posteriqres
550 2079 712 2168 Libycos,
741 2081 776 2146 iu
798 2081 940 2168 utrisque
962 2075 1075 2146 haberi
1096 2101 1178 2169 quae
1201 2083 1233 2148 in
1251 2079 1378 2151 Latinis
1396 2090 1561 2168 undecim,
1586 2087 1700 2175 quibus
1716 2108 1845 2154 soonam
1861 2086 1958 2154 roeo

328 2197 464 2263 claudit.
509 2191 629 2262 Punice
652 2197 801 2272 nimirum
825 2205 856 2259 et
875 2189 1000 2278 Libyca
1021 2189 1156 2282 loquens
1178 2191 1298 2262 Hanno
1320 2193 1447 2266 l’oenns
1475 2199 1661 2280 inducitur,
1693 2204 1767 2289 quia
1791 2213 1978 2288 utrumque

332 2311 454 2376 idioma
477 2307 594 2374 Poenis
617 2321 685 2372 erat
701 2299 739 2372 'ln
764 2314 854 2372 nsu“
878 2309 1010 2396 (geogr.
1032 2327 1125 2373 sacra
1146 2303 1189 2390 Π,
1213 2329 1239 2375 c.
1253 2311 1284 2374 d.
1309 2327 1339 2396 p.
1354 2314 1448 2398 ⁷20).
1480 2305 1530 2378 Cl.
1549 2335 1647 2402 supra
1661 2337 1732 2401 pag.
1750 2314 1790 2380 tt
1813 2308 1957 2399 noem).

334 2420 375 2488 Et
397 2431 565 2510 postquem
589 2424 698 2486 decent
720 2436 832 2485 aereus
854 2416 994 2484 Punicos
1016 2415 1207 2506 explicavit:
1235 2415 1333 2501 „lem
1348 2419 1381 2489 ln
1396 2425 1438 2490 iis
1453 2447 1534 2514 quae
1548 2439 1724 2514 sequuntur
1738 2449 1796 2492 rex
1812 2421 1958 2512 versibus

332 2533 534 2624 longioribus
556 2530 668 2599 eadem
691 2551 773 2621 qnae
794 2549 890 2619 supra
912 2533 1013 2618 repeti
1034 2529 1135 2598 multa
1157 2535 1303 2600 suadent.
1347 2539 1376 2605 1.
1397 2531 1527 2604 initium
1543 2537 1659 2604 simile
1695 2535 1779 2604 Num
1795 2561 1813 2602 e
1829 2535 1958 2603 Punicis

332 2645 419 2734 Nyth
456 2638 577 2712 alonim
609 2641 760 2711 ealonutir
789 2641 929 2712 sicorath
953 2654 1014 2710 oet.
1051 2641 1132 2710 baec
1154 2649 1302 2731 proxime
1329 2647 1488 2716 recedunt
1503 2647 1675 2716 Exanoirm
1699 2649 1834 2716 voionus
1857 2653 1959 2716 siccu-

332 2763 426 2828 ratim
453 2771 514 2825 etc.
564 2759 593 2824 2.
625 2749 726 2836 Quod
749 2753 993 2824 Antidarttuschi
1031 2765 1064 2821 et
1099 2750 1319 2845 Agorastocli!
1354 2781 1382 2826 s.
1422 2761 1593 2830 Aristoclie
1629 2767 1760 2829 nomina
1790 2763 1958 2850 utrobique

332 2869 483 2961 leguntur
512 2873 545 2936 in
565 2871 705 2959 'paribus
734 2891 833 2957 prope
861 2868 1051 2936 intervallis,
1102 2867 1133 2935 3·
1159 2865 1267 2950 'Quod
1295 2861 1405 2939 decem
1438 2895 1586 2940 versuum
1616 2893 1697 2963 quoe
1725 2873 1958 2962 explicavimus

333 2985 464 3052 ultimus
498 2983 601 3072 palam
630 2981 748 3050 claudit
777 2983 976 3048 orationem:
1014 2975 1110 3048 cenet
1136 2983 1258 3070 aliquio
1279 3000 1345 3071 per
1371 2981 1431 3054 Ῐιαι
1450 2981 1552 3067 soree
1585 2989 1686 3072 (imo:
1711 2989 1796 3055 servi
1820 2985 1957 3053 suntad

335 3096 480 3187 portam)
508 3115 582 3164 ecce
604 3101 694 3164 tilam
713 3091 839 3184 rogale
860 3091 1016 3183 numquid
1037 3089 1295 3184 (Agorastoclis)
1319 3117 1433 3182 nomen
1455 3107 1595 3167 noceria
1639 3101 1675 3168 Si
1693 3085 1770 3190 quid
1781 3095 1958 3166 addidisset

235 3269 244 3278 .
335 3193 474 3292 Hanno,
505 3207 554 3274 issi
576 3211 727 3296 periisset
749 3208 878 3274 occasio
898 3203 1061 3275 hominem
1077 3215 1298 3281 conveniendi.
1340 3209 1452 3302 ltaque
1465 3227 1635 3304 sequenter
1651 3236 1764 3280 versus
1777 3203 1823 3278 nil
1837 3227 1957 3278 novum

336 3323 500 3392 exhibent.
554 3319 695 3388 'i'antum
723 3323 852 3386 diverm
879 3315 988 3408 lingua
1026 3319 1111 3387 idem
1141 3327 1308 3410 repetitur.
1358 3331 1390 3394 4.
1416 3318 1539 3393 Eodem
1561 3325 1638 3394 fnoit
1660 3325 1745 3414 quod
1766 3319 1899 3392 Mantus
1923 3327 1956 3389 in

336 3441 453 3504 Latina
475 3439 622 3502 versione
643 3434 745 3500 solum
769 3434 830 3500 hos
852 3433 962 3500 decern
984 3451 1096 3500 versus
1118 3437 1269 3522 exponit,
1299 3453 1334 3504 ot
1355 3459 1398 3504 ex
1420 3435 1591 3506 collatione
1613 3441 1839 3528 probavimus,
1861 3441 1956 3502 etiarn

334 3551 458 3638 aliquos
486 3551 711 3636 expositurus,
747 3551 776 3614 ni
798 3549 872 3634 quid
894 3545 982 3612 uliud
1003 3551 1038 3611 in
1057 3551 1101 3613 iln
1122 3547 1305 3614 baberetur.
1350 3549 1474 3616 rl'ttmen
1499 3571 1573 3617 cunr
1593 3553 1628 3617 hi
1650 3571 1762 3617 versus
1785 3573 1805 3616 a
1826 3573 1957 3638 praeea-

334 3660 484 3728 dentibnn
506 3663 626 3728 distent
647 3663 839 3726 immensum
861 3671 1032 3748 quantem,
1060 3657 1135 3726 illos
1154 3679 1218 3726 non
1242 3661 1561 3747 conparauerunt,
1598 3665 1663 3730 sed
1678 3675 1710 3727 et
1729 3663 1799 3726 toti
1820 3660 1957 3732 dialecto

333 3777 465 3842 dillerre
494 3785 587 3861 puto,
624 3787 719 3859 atque
748 3775 782 3839 id
812 3777 913 3859 iprum
936 3771 1060 3857 Libyae
1083 3773 1200 3837 efferre
1222 3775 1307 3860 quud
1328 3773 1451 3840 Punice
1472 3777 1583 3840 decent
1605 3779 1739 3861 priores.
1784 3773 1829 3840 Ut
1850 3772 1956 3838 oleum

333 3905 366 3954 et
402 3909 532 3976 operam
566 3887 701 3973 perdant
739 3899 892 3972 quotquot
927 3885 987 3951 boe
1018 3907 1130 3951 vaccua
1165 3907 1207 3952 ex
1236 3885 1389 3952 Hebraea
1416 3885 1527 3976 lingna
1555 3901 1711 3954 mantus
1739 3887 1956 3972 iuoerprerari.

335 4003 521 4069 Hebraisrni
544 4011 641 4084 ‚certe
683 4001 852 4085 vestigium
889 4001 921 4063 in
953 4001 994 4064 iis
1027 3997 1148 4063 nullum
1177 4021 1335 4086 agnosco,
1372 4003 1434 4066 uisi
1461 4001 1551 4088 qnod
1579 3977 1680 4087 prima
1707 4001 1808 4068 verba
1837 4000 1957 4064 anoldre

333 4119 469 4184 calonne
498 4116 647 4180 videntur
676 4133 748 4177 esse
770 4127 917 4198 corrupta
939 4133 980 4176 ex
1004 4111 1134 4179 Punicis
1163 4117 1284 4182 chain
1311 4112 1480 4182 odenati.
1524 4113 1591 4178 Sed
1621 4113 1700 4179 neec
1728 4129 1803 4180 sunt
1824 4115 1957 4178 deorum

334 4233 483 4308 nomina,
510 4248 591 4316 quae
615 4226 714 4290 Poeni
735 4223 830 4288 facile
854 4238 1025 4312 potuerunt
1046 4227 1080 4289 iu
1102 4224 1258 4311 Libycam
1280 4225 1422 4314 linguam
1438 4225 1663 4292 transfundere
1686 4227 1786 4312 (ibid.
1802 4249 1832 4312 p.
1846 4227 1958 4306 726).“

335 4343 373 4409 Ei
396 4341 653 4428 subscripserunt
681 4337 815 4403 Walters
837 4339 870 4400 in
894 4335 1036 4424 prolegg.
1057 4339 1096 4403 ad
1119 4339 1197 4408 bibi
1215 4339 1339 4428 polypi.
1364 4361 1418 4406 no.
1440 4345 1491 4406 17.
1527 4316 1664 4406 Grotius
1685 4344 1781 4426 epist.
1792 4341 1831 4404 ad
1847 4337 1957 4403 Gallos

335 4477 407 4542 pag.
438 4459 512 4520 116.
557 4447 943 4530 Salncr.adSolin.i,
968 4456 1017 4515 18.
1061 4451 1219 4542 Adedung
1239 4451 1446 4538 Mithridates
1468 4451 1496 4533 l,
1519 4473 1590 4540 pag.
1612 4457 1729 4548 mm
1750 4474 1792 4518 ex
1813 4450 1956 4520 locorum

336 4567 526 4631 Punicorum
541 4563 767 4651 interpretibus
785 4562 942 4656 Clericus,
971 4562 1206 4652 Verdruggtun
1223 4563 1440 4656 Soppudaee:
1461 4563 1607 4653 neglecta
1621 4567 1810 4652 desertaque
1826 4565 1956 4650 egregia

335 4679 396 4744 bac
417 4679 641 4744 observatione
664 4691 788 4742 veteres
809 4697 935 4741 errores
957 4693 1153 4742 renovarunt
1169 4673 1415 4744 Bellermannue
1430 4693 1463 4747 et
1476 4676 1652 4744 Bobianus.
1698 4673 1762 4754 Qui
1777 4697 1956 4764 quanquam

336 4789 387 4856 vel
403 4793 473 4878 ipso
490 4812 641 4856 successu
653 4811 764 4876 parum
778 4804 943 4874 prospero,
957 4810 1019 4874 quo
1034 4791 1067 4852 in
1082 4788 1134 4854 bis
1150 4787 1298 4856 versibus
1313 4762 1353 4855 ad
1368 4784 1548 4878 analogiam
1557 4783 1751 4854 Hebraicam
1767 4791 1956 4854 revocandis

332 4909 385 4970 aei
407 4917 493 4982 nunt,
516 4925 645 4968 oausam
668 4923 759 4967 suam
782 4899 910 4965 delendi
933 4921 997 4964 uon
1011 4922 1104 4986 posse
1124 4903 1319 4984 docuerunt,
1342 4895 1496 4968 nonnulla
1512 4918 1617 4968 tamen
1634 4911 1823 4988 argumenta
1839 4903 1956 4968 addere

334 5015 450 5103 placet,
462 5015 737 5104 quibusBoelrarti
750 5015 909 5080 cententio
919 5015 1048 5099 egregie
1058 5008 1273 5080 confirmatur.
1294 5004 1423 5080 Etenim
1435 5015 1464 5080 1.
1480 5018 1513 5079 in
1528 5007 1692 5079 codicibus
1703 5011 1857 5079 Palatinis
1871 5019 1956 5082 inter

333 5129 378 5196 V.
404 5135 444 5195 10
466 5143 498 5194 et
521 5137 557 5194 rt
582 5129 793 5215 intercapedo·
811 5135 862 5191 est
882 5125 933 5212 (p.
956 5123 1057 5210 aad),
1088 5123 1172 5193 unde
1194 5123 1342 5214 apparet,
1365 5125 1440 5192 inde
1466 5145 1485 5191 a
1507 5118 1551 5191 V.
1575 5115 1754 5192 li'novant
1777 5130 1956 5193 orationem

334 5244 444 5308 ordiri.
489 5241 584 5320 Quod
602 5253 769 5328 praeterea
791 5241 824 5304 in
847 5239 957 5304 codiee
969 5230 1114 5305 Romano
1134 5235 1498 5333 ln'lrao'intercapedine
1516 5253 1678 5325 comparet
1694 5240 1955 5317 ώιιιιιίιιίιιιιιιιι

334 5353 527 5422 PHONUS.
557 5352 653 5435 DU,
688 5353 976 5442 quomodocunque
1005 5351 1096 5420 illud·
1113 5353 1182 5420 tlte
1211 5349 1378 5441 errppiebtd
1398 5363 1436 5418 'et
1469 5349 1645 5440 explicabis
1667 5342 1735 5418 dive
1757 5353 1954 5431 emendabis,
