4938 6302
754 599 1499 686 nmeuanmnounsnrrusvoma.
1863 621 1938 701 345

315 810 400 898 qnod
421 807 531 874 laudat
547 805 663 872 Festus
678 795 835 889 Avienus,
858 810 891 874 in
913 809 1128 895 descriptione
1150 828 1226 873 orae
1247 807 1426 872 maritimae
1443 829 1475 894 p.
1492 813 1576 872 412:
1597 808 1691 872 Haec
1705 811 1780 874 olias
1793 809 1937 878 Himilco

313 907 446 990 Pbeoss
477 921 606 986 Oceano
635 941 733 1005 asper
753 929 918 1008 spectasse
938 915 1038 986 semel
1060 929 1094 986 et
1109 919 1270 1008 probasse
1291 921 1444 986 rettulit:
1475 919 1572 985 Haec
1593 941 1652 985 tros
1674 921 1714 986 ab
1737 929 1811 988 s'mr's
1832 925 1935 990 Purra·-

313 1055 422 1102 corrtss
451 1033 625 1100 annalibus
646 1035 785 1126 prolato
817 1037 915 1121 longo
938 1021 1082 1120 tempore
1103 1033 1263 1100 edidisset
1283 1033 1388 1099 tttt.“
1431 1033 1553 1103 Peioris
1574 1055 1691 1120 graeca
1714 1038 1935 1122 interpretatio

311 1163 475 1235 superest,
514 1147 644 1231 saepius
677 1147 782 1225 edita,
817 1161 853 1210 ut
884 1150 918 1211 iu
941 1145 1144 1234 Geogrephis
1163 1139 1344 1212 minoribus
1372 1148 1423 1212 ed.
1452 1133 1589 1211 Hudson
1618 1145 1659 1212 Τ.
1682 1147 1709 1211 l.
1750 1148 1801 1213 De
1831 1165 1934 1216 aetate

312 1264 381 1326 eius
412 1259 457 1324 nil
487 1273 630 1337 constat,
667 1273 796 1344 preater
825 1257 924 1324 verba
954 1257 1050 1324 Plinii
1081 1257 1145 1345 (V,
1169 1260 1227 1344 1),
1264 1262 1320 1346 qui
1348 1260 1508 1340 „Punicis
1539 1258 1637 1324 rebus
1666 1259 1934 1330 florentissimie“

311 1377 372 1439 iter
400 1352 482 1438 illud
511 1373 706 1436 maritimum
735 1387 917 1457 susceptum
948 1373 1062 1436 tradit:
1099 1373 1259 1437 variarum
1289 1386 1395 1436 autem
1425 1374 1612 1457 opinionum
1642 1373 1693 1458 (v.
1713 1372 1864 1440 Dodwell
1893 1377 1932 1440 de

312 1485 433 1572 periplo
450 1485 632 1561 Hannonis,
655 1481 806 1548 Menuert
818 1483 938 1572 Geog'r.
959 1468 1032 1548 'tt't
1046 1507 1078 1571 p.
1090 1485 1154 1568 49)
1175 1483 1263 1549 nulle
1278 1483 1484 1549 verisimilior
1502 1497 1561 1565 est,
1583 1506 1676 1572 quem
1692 1484 1749 1551 illa
1763 1487 1930 1568 Heerenii,

313 1601 436 1686 deque
455 1613 589 1686 uterque
609 1597 709 1661 irater
730 1599 842 1684 quinto
863 1594 990 1662 a.·Chr.
1007 1613 1116 1663 natum
1129 1595 1241 1664 seculo
1254 1597 1442 1664 tribuendus
1463 1611 1559 1662 esset.
1603 1595 1848 1675 Quodammodo
1870 1599 1934 1670 hnc

311 1711 425 1776 referri
448 1723 553 1798 potest

438 1829 470 1889 9.
514 1801 704 1900 Hannibal,
732 1823 773 1887 de
794 1823 886 1888 cuias
908 1823 1115 1908 inscriptione
1136 1843 1190 1888 res
1212 1843 1232 1888 e
1255 1843 1291 1887 se
1312 1836 1422 1909 gestes
1444 1826 1675 1890 narranteiam
1695 1827 1933 1912 supradictum

311 1949 360 2002 eet
380 1958 453 2024 pag.
474 1941 528 2003 90.
569 1935 713 2000 Eandem
735 1957 754 1999 a
776 1957 812 2000 se
834 1937 936 2000 visam
952 1951 985 1999 et
997 1939 1031 2000 in
1046 1955 1098 2002 res
1114 1957 1189 2002 suas
1202 1956 1390 2000 conversam
1407 1951 1564 2000 memoret
1576 1935 1730 2020 Polybius
1745 1937 1803 2019 lll,
1819 1944 1860 2004 33

440 2055 491 2116 10.
535 2048 725 2134 Hiempsal,
757 2045 929 2145 Numidiae
950 2071 1028 2128 rex,
1057 2051 1149 2136 isque
1171 2069 1305 2114 numero
1321 2050 1480 2114 secundus
1496 2049 1589 2136 (pag.
1605 2048 1703 2134 198),
1726 2054 1816 2116 cuius
1831 2050 1932 2119 libros

311 2165 351 2228 de
379 2160 558 2248 originibus
586 2159 778 2248 populorum
804 2160 1033 2228 Africanorum
1063 2176 1220 2226 memoret
1249 2159 1550 2249 Selluat.lug.1⁷=
1582 2162 1681 2240 „Sed
1706 2166 1760 2248 qui
1782 2163 1932 2232 mortales

310 2277 402 2342 initio
424 2273 568 2340 Africam
592 2273 764 2338 habuerint
784 2318 888 2340 ......
910 2277 959 2340 uti
979 2296 1021 2338 ex
1042 2271 1136 2340 libris
1156 2274 1305 2354 Punicis,
1335 2276 1390 2359 qui
1412 2281 1505 2362 regis
1518 2275 1931 2362 Hs'estpsals'sdicebeutur‚

310 2391 553 2476 interpretatum
583 2384 677 2452 uobis
705 2399 773 2467 est,
813 2390 924 2474 utique
951 2409 1020 2452 rem
1050 2409 1122 2452 sese
1144 2386 1265 2452 hebere
1287 2384 1427 2452 cultores
1451 2390 1520 2452 eius
1543 2401 1649 2452 tarrae
1669 2401 1801 2473 putant,
1837 2413 1931 2476 quam

311 2503 512 2588 paucissimis
526 2500 667 2565 dicam“.
699 2498 849 2564 Genitivo
865 2507 958 2586 regis
972 2500 1175 2586 Hienpsuls's
1189 2521 1253 2564 uon
1270 2512 1444 2579 auctorem,
1468 2502 1525 2565 sed
1539 2522 1758 2586 possessorem
1774 2500 1929 2570 librorum

310 2615 449 2680 indicari
463 2613 647 2678 Heereuius
668 2611 711 2699 (l.
729 2635 758 2678 c.
774 2635 806 2698 p.
821 2613 882 2696 tt)
899 2615 1077 2678 existimate
1097 2613 1150 2676 oui
1165 2613 1292 2699 quidem
1307 2615 1484 2676 sententiae
1498 2627 1531 2676 et
1544 2611 1675 2700 linguae
1690 2635 1767 2678 neus
1784 2629 1816 2678 et
1829 2618 1930 2700 ipsius
1950 2617 1953 2626 '

310 2731 357 2792 rei
373 2729 455 2792 ratio
471 2725 599 2791 obstare
613 2726 749 2790 videtur.
777 2723 822 2790 Ut
838 2727 924 2788 enim
940 2722 1076 2789 multum
1090 2727 1244 2788 intererat
1259 2723 1390 2790 lectoris
1403 2728 1499 2806 scire,
1522 2747 1618 2812 aquo
1632 2726 1743 2813 scripti
1757 2741 1866 2791 essent
1881 2726 1930 2791 illi

309 2839 404 2918 libri,
424 2845 470 2904 ite
485 2840 655 2926 perparvi,
676 2859 719 2903 ex
740 2839 829 2902 ouius
849 2834 1044 2902 bibliothece
1057 2834 1207 2921 exempla
1222 2857 1336 2900 eorum
1351 2838 1514 2923 depromta
1526 2838 1656 2902 fuerint.
1702 2836 1770 2914 Qus
1782 2873 1823 2887 —
1838 2839 1928 2904 ‹lice-

311 2953 431 3018 bcsttcr
451 2953 595 3018 modeste
617 2951 746 3036 scripsit
768 2947 962 3029 Sallustius,
992 2951 1084 3034 qnia,
1114 2947 1254 3014 Punicae
1274 2947 1405 3037 linguae
1426 2953 1575 3038 ignarus,
1607 2953 1702 3015 etiem
1726 2953 1765 3016 de
1789 2951 1881 3018 titulo
1897 2970 1929 3018 et

310 3079 440 3132 sectore
458 3066 587 3130 nonnisi
602 3085 645 3128 ex
658 3065 867 3148 interpretum
878 3059 943 3128 fide
959 3063 1102 3127 iudicare
1114 3073 1252 3146 poteret.
1294 3059 1466 3129 Numidiae
1481 3077 1586 3128 antem
1601 3061 1730 3152 regulos
1745 3087 1809 3130 non
1823 3065 1929 3132 solum

309 3177 465 3244 librorum
486 3191 645 3242 amatores
667 3177 700 3240 et
720 3173 908 3240 collectores
931 3174 1031 3240 fuisse
1053 3172 1156 3259 (Pliu.
1177 3171 1305 3255 XVllI,
1328 3175 1385 3260 5),
1421 3178 1478 3241 sed
1499 3173 1675 3241 litterarum
1697 3181 1792 3242 etiarn
1815 3181 1930 3246 stodiis

310 3293 435 3358 deditos
443 3289 629 3398 ,Q
619 3290 756 3353 ruuioris
787 3286 968 3373 exemplum
997 3289 1106 3366 docet,
1142 3289 1232 3353 cuins
1256 3287 1406 3374 permulti
1428 3287 1505 3354 libri
1533 3291 1573 3354 de
1596 3289 1693 3355 rebus
1678 3291 1865 3403 Libyae,
1889 3294 1928 3358 de

309 3407 387 3472 artis
425 3419 457 3468 et
491 3406 633 3488 picturae
669 3400 803 3466 historia
841 3401 943 3486 deque
974 3421 1009 3464 re
1037 3398 1187 3465 herbaria
1224 3401 1398 3466 exstabant
1426 3405 1479 3485 *).
1546 3379 1732 3468 Ceterum
1727 3406 1810 3490 quod
1843 3404 1875 3470 h.
1905 3404 1930 3477 l

309 3515 482 3584 Numidiae
504 3536 614 3602 regem
632 3511 733 3578 libros
754 3513 876 3578 Punica
898 3511 1009 3598 lingue
1029 3513 1197 3597 scripsisse
1219 3509 1377 3598 legimus,
1405 3514 1439 3578 id
1461 3515 1591 3600 egregie
1612 3519 1764 3581 convenit
1784 3539 1855 3584 cnm
1875 3520 1927 3599 iis,

309 3653 390 3719 ques
413 3631 453 3696 de
473 3629 613 3696 Punicae
633 3625 764 3714 liuguae
785 3626 871 3713 epnd
892 3623 1049 3690 Numidas
1069 3645 1131 3690 usu
1152 3645 1248 3711 snpra
1270 3624 1438 3692 docuimus
1465 3627 1517 3710 (ς.
1537 3634 1560 3692 4
1581 3629 1695 3710 extr).
1894 3624 1900 3634 '

1071 3812 1100 3890 ἦ.
1135 3815 1167 3876 8.

435 3951 487 4018 De
518 3949 650 4037 linguae
678 3947 811 4014 historia
842 3960 876 4012 et
901 3943 1011 4012 indole
1038 3943 1090 4011 his
1118 3948 1166 4010 ite
1185 3946 1353 4030 disputatis
1373 3946 1406 4008 iu
1429 3932 1499 4010 eius
1520 3944 1636 4032 opibus
1658 3946 1755 4014 hodie
1775 3951 1929 4035 supersti-

309 4065 397 4134 tibus
424 4063 614 4152 colligendis
641 4061 900 4148 illustrandisque
927 4061 973 4124 ite
1002 4057 1220 4136 versabimur,
1258 4068 1294 4120 ut
1324 4059 1428 4142 capite
1450 4060 1591 4126 secundo
1612 4059 1743 4148 linguae
1763 4060 1927 4149 reliquiae,
1983 4045 1987 4051 ⁵

309 4201 391 4268 quae
413 4181 446 4244 in
467 4179 571 4264 ipsius
593 4173 706 4262 populi
729 4176 944 4240 monumentis
966 4175 1070 4260 patrio
1092 4170 1276 4236 charactere
1296 4171 1458 4254 inscriptis
1478 4173 1501 4236 i.
1519 4194 1547 4237 e.
1568 4176 1602 4238 in
1615 4175 1876 4260 inscriptionibus
1897 4189 1929 4240 et

310 4295 416 4358 uumis
452 4288 748 4376 deprehenduntnr,
782 4286 996 4352 exhibeamus
1026 4285 1069 4350 ad
1106 4281 1285 4348 litterarum
1320 4282 1467 4348 ordinem
1500 4286 1656 4374 digestam
1700 4291 1804 4375 capite
1834 4291 1928 4352 tertio

310 4406 486 4493 praemisse
513 4405 548 4468 in
576 4400 682 4466 locem
710 4398 893 4466 Plautinum
920 4401 1150 4465 exercitatione
1172 4393 1252 4481 (litt.
1275 4393 1326 4480 Α)
1353 4394 1476 4483 reliqua
1497 4397 1628 4487 liuguae
1648 4404 1824 4488 specimina
1845 4401 1929 4485 apud

310 4521 483 4606 scriptores
510 4527 637 4580 veteres
666 4525 793 4579 servata
822 4510 956 4577 Graecis
977 4511 1165 4596 Latinisque
1186 4505 1303 4572 litteris
1327 4511 1465 4595 scripte,
1499 4515 1613 4596 partim
1636 4511 1825 4599 appellative
1847 4511 1927 4597 (litt.

310 4629 379 4716 B),
412 4631 529 4716 partim
557 4630 690 4692 nomina
716 4627 844 4713 propria
875 4622 957 4710 (litt.
981 4625 1015 4688 C.
1039 4621 1092 4707 D)
1123 4620 1259 4687 collecte
1279 4635 1375 4708 atque
1395 4622 1549 4709 disposita
1570 4623 1783 4692 illustremus:
1814 4642 1926 4712 quarto

278 4787 294 4808 1
310 4746 447 4831 denique
473 4742 577 4828 capite
607 4761 650 4804 ex
678 4753 813 4826 utroque
843 4735 901 4802 illo
930 4735 1066 4803 fontium
1088 4755 1207 4822 genere
1229 4738 1455 4823 grammatices
1475 4735 1605 4824 linguae
1626 4735 1734 4826 leges,
1762 4740 1866 4827 quoad
1894 4739 1928 4805 id

310 4855 382 4922 fieri
405 4867 527 4943 potest,
561 4871 769 4939 exponamus.

363 5095 387 5164 ⁸)
410 5096 444 5152 V.
461 5093 595 5150 Hardnini
615 5092 670 5148 ind.
687 5100 826 5148 auctorum
846 5090 881 5144 ed
896 5087 964 5144 Plio.
982 5105 1011 5144 v·
1029 5087 1103 5142 lube.

976 5295 1276 5310 W
