5004 6306
645 679 764 748 NUMl
786 677 947 747 ClLlCll.
989 679 1081 748 Vlll.
1107 678 1333 746 INCERTAE
1355 678 1547 747 ClLlClAE
1569 677 1723 748 URBES.
1916 681 1992 758 285

371 859 462 952 esse,
500 882 533 934 et
563 867 766 935 Mionuetum
793 872 857 934 ista
877 891 919 934 ex
941 867 1090 956 analogia
1110 871 1217 954 potius
1240 890 1335 956 quarn
1357 891 1399 934 ex
1424 869 1583 962 distinctis
1604 869 1694 933 numi
1714 861 1828 952 liguris
1854 865 1993 934 dedisse

368 983 528 1071 Quicquid
557 995 623 1062 est,
654 985 750 1046 etiam
777 985 904 1069 'rhaban
934 981 1012 1047 urhe
1041 979 1176 1045 Ciliciae
1206 981 1301 1046 nohis
1329 984 1440 1068 ignota
1468 981 1611 1045 videtur:
1643 979 1859 1046 adverbum:
1893 980 1994 1046 doeri-

368 1117 430 1164 trua
451 1101 544 1182 regis
570 1097 594 1161 i.
618 1117 646 1158 e.
670 1097 759 1160 locus
779 1102 889 1182 regis,
924 1101 1203 1181 supercrescat
1235 1095 1299 1177 (ci.
1321 1115 1357 1179 'tp
1385 1096 1466 1178 hec,
1501 1101 1577 1189 tint}
1608 1095 1715 1179 ὅρη),
1752 1093 1836 1179 quod
1865 1099 1993 1178 regium

369 1207 555 1296 significare
578 1211 697 1293 possit,
728 1210 789 1272 nisi
811 1229 871 1272 rex
891 1210 997 1293 potius
1018 1206 1110 1272 Baut
1128 1222 1177 1272 est
1200 1229 1231 1272 s:
1250 1204 1418 1271 Hercules.
1461 1207 1612 1292 7btrbrtn,
1641 1208 1672 1270 si
1693 1206 1788 1270 modo
1806 1217 1893 1270 certa
1910 1204 1992 1270 haee

367 1324 541 1407 scriptura,
579 1321 665 1385 idem
695 1317 815 1384 valeret
845 1321 930 1408 quod
952 1321 1080 1406 fiabra
1110 1335 1142 1384 et
1165 1342 1208 1386 ex
1228 1341 1268 1384 eo
1290 1333 1396 1384 ortum
1418 1335 1522 1398 esset,
1547 1333 1585 1384 ut
1605 1322 1711 1390 bahan
1733 1317 1918 1383 Hoauturul
1933 1339 1992 1403 pro

368 1434 544 1502 Hannibal
563 1431 694 1499 Numid.
719 1439 734 1496 1
760 1433 813 1516 (ic
839 1433 1007 1517 poemen).

494 1546 538 1612 Κ.
581 1546 743 1613 Hercules
772 1545 818 1610 ud
845 1545 1018 1626 destrues,
1055 1544 1180 1612 deutra
1210 1548 1335 1612 eleuant
1356 1544 1535 1625 sublatam,
1564 1549 1703 1610 stature
1725 1564 1834 1608 ereum
1856 1551 1990 1608 emme.

368 1659 405 1726 lu
433 1681 511 1725 area
540 1679 625 1724 erue
655 1666 786 1724 entatu.
822 1659 849 1743 )(
883 1655 956 1724 Leo
985 1666 1113 1724 cer-crtus
1142 1658 1329 1745 deposcens.
1372 1657 1558 1745 Epigraphe
1580 1657 1698 1744 phoen.
1721 1654 1862 1742 duplex,
1891 1653 1993 1722 altera

366 1795 482 1858 supra,
522 1770 623 1836 altera
652 1772 692 1836 ad
724 1770 883 1835 dextram.
928 1769 1003 1837 AV.
1039 1770 1092 1837 Ad
1115 1769 1251 1858 exempl.
1273 1771 1362 1838 Mus.
1384 1771 1459 1837 brit.
1504 1769 1555 1837 Cf.
1578 1768 1719 1836 Pellerin
1747 1767 1771 1834 l.
1794 1791 1821 1836 e.
1854 1792 1908 1836 uo.
1939 1776 1989 1834 ll.

367 1884 515 1952 Mionuet
535 1883 558 1949 l.
577 1907 606 1950 c.
630 1904 683 1948 uo.
707 1869 778 1948 64l.
800 1888 873 1948 642.
1078 1895 1082 1902 ’

495 1996 657 2075 Quantum
679 1993 846 2060 extribus
870 1993 1029 2080 exemplis
1053 1994 1178 2077 efficio,
1209 2018 1290 2083 quae
1312 2009 1386 2060 aute
1405 1993 1516 2060 oculos
1529 2008 1622 2075 sunt,
1651 1993 1826 2082 epigraphe
1844 1994 1990 2077 superior

366 2113 413 2176 ita
440 2109 579 2198 legenda
609 2121 677 2188 est,
716 2119 752 2172 ut
779 2129 850 2171 earn
883 2105 943 2172 sub
965 2129 1063 2173 numo
1085 2106 1145 2172 litt.
1168 2107 1212 2177 K.
1237 2112 1368 2195 scripsi,
1405 2109 1439 2173 id
1461 2124 1510 2173 ert
1531 2110 1684 2188 ansehn,
1717 2107 1802 2194 quod
1824 2103 1991 2170 transferri

366 2227 486 2310 possit:
529 2240 593 2292 nur
622 2223 686 2309 'thro
717 2240 782 2284 reu
809 2228 920 2284 coetus
950 2241 976 2284 s.
1008 2219 1116 2308 populi
1147 2221 1209 2302 (cf.
1238 2222 1391 2308 adErye.
1414 2220 1472 2286 lin.
1495 2223 1552 2305 2),
1581 2236 1613 2286 et
1632 2245 1665 2287 n.
1690 2244 1736 2306 pr.
1760 2239 1832 2283 esse
1854 2218 1989 2281 videtur.

366 2335 398 2401 Α
426 2338 540 2402 dextro
565 2333 667 2399 latere
697 2335 731 2397 iu
759 2333 908 2421 exemplo
938 2334 1091 2400 Pellerini
1119 2333 1269 2422 leguntur
1290 2333 1348 2400 illa
1369 2336 1482 2422 signa,
1515 2355 1597 2421 quae
1619 2333 1760 2400 secundo
1782 2352 1876 2396 versu
1900 2328 1989 2394 dedi:

366 2471 511 2536 quaeque
534 2448 631 2513 cilras
652 2468 723 2512 esse
746 2469 809 2512 nou
833 2447 956 2543 dubito..
1062 2527 1064 2532 Α

492 2561 532 2626 L.
581 2560 688 2646 Caput
716 2557 887 2626 herbatum
908 2562 1077 2648 galeatum
1099 2559 1146 2625 ud
1164 2565 1226 2624 εἰη.
1269 2559 1400 2646 Duplex
1430 2559 1625 2648 epigraphe,
1662 2579 1728 2622 una
1755 2571 1848 2635 ante,
1888 2551 1990 2618 altera

367 2695 459 2761 pone.
488 2673 515 2759 )(
542 2673 676 2759 Iupiter
697 2675 779 2738 sotio
802 2673 949 2739 insidens
970 2694 1040 2738 cuns
1062 2681 1207 2756 seeptro,
1237 2671 1283 2736 ud
1302 2679 1363 2738 stu.
1407 2673 1496 2738 Pone
1518 2669 1702 2760 epigraphe.
1746 2667 1885 2734 Pellerin
1913 2663 1935 2731 l.
1960 2685 1988 2731 c.

368 2809 420 2852 uo.
443 2793 473 2854 8.
506 2786 655 2878 Mionuet
678 2808 730 2851 oo.
753 2792 816 2859 669
844 2809 885 2851 ex
908 2784 1124 2852 delineatione
1146 2783 1391 2874 Hohlenhergii.

493 2898 568 2965 Nisi
588 2903 622 2965 in
645 2898 818 2987 epigraphe
840 2900 995 2965 adversae
1020 2899 1179 2988 pingenda
1201 2897 1335 2963 mirifice
1355 2901 1573 2963 consentirent
1594 2893 1774 2961 Pellerinus
1794 2908 1827 2958 et
1840 2890 1989 2958 Hohleu-

367 3013 516 3100 hergius,
539 3035 611 3078 eam
633 3015 767 3077 eandem
788 3033 859 3078 esse
882 3027 1025 3100 putarem
1048 3025 1142 3099 atque
1165 3014 1198 3076 in
1220 3031 1317 3076 numo
1341 3011 1379 3077 E.
1425 3010 1513 3094 Quid
1529 3013 1589 3091 sit,
1612 3012 1658 3074 ita
1674 3023 1709 3072 ut
1723 3027 1808 3072 nune
1823 3009 1906 3092 picta
1926 3017 1987 3083 ert,

367 3147 432 3190 non
461 3125 609 3210 expedio.
654 3121 804 3190 Ceterum
831 3125 911 3191 haec
940 3123 1114 3212 epigraphe
1135 3123 1251 3190 litteris
1272 3122 1448 3212 paullulum
1469 3126 1598 3189 mutatis
1621 3122 1732 3186 eadem
1755 3141 1827 3184 esre
1848 3117 1986 3193 videtur,

368 3258 462 3322 quarn
482 3235 579 3301 hahet
602 3256 717 3300 numus

493 3348 542 3415 M.
584 3349 721 3436 Iupiter
746 3357 838 3413 etune
868 3348 913 3412 ad
942 3349 1000 3428 d.,
1030 3348 1154 3415 deutra
1190 3361 1370 3438 sceptrum,
1405 3360 1543 3418 stotrtru
1572 3357 1732 3439 porrecto
1762 3349 1872 3410 nescio
1908 3339 1989 3426 quid

368 3471 482 3528 teneas
511 3463 548 3548 )(.
589 3457 719 3528 Fer-cer
739 3468 809 3526 ot'rs'
828 3463 962 3526 Persice·
981 3460 1027 3524 ud
1046 3460 1209 3528 deutrum.
1252 3465 1304 3528 Ex
1329 3464 1444 3529 hlnseo
1465 3464 1548 3534 Brit.

494 3573 534 3640 N.
571 3576 643 3640 Vir
658 3577 747 3640 cultu
754 3581 887 3660 pertico
903 3573 1002 3658 (rex)
1019 3571 1065 3636 ud
1076 3579 1137 3638 sta.
1159 3573 1294 3639 beritum
1310 3579 1433 3642 ulutues
1449 3578 1564 3663 gladio
1575 3575 1800 3662 persuasurus.
1823 3567 1852 3655 )(
1878 3567 1986 3633 Vueeu

368 3689 502 3754 uitulum
524 3690 662 3754 luctans.
707 3689 811 3774 Supra
834 3685 1007 3774 epigraphe
1031 3697 1121 3754 ntra·
1164 3684 1290 3752 Dutens
1312 3711 1342 3773 p.
1367 3694 1438 3752 140.

494 3799 535 3865 0.
579 3802 741 3867 Hercules
768 3803 892 3867 lenaeus
922 3799 1028 3864 caude
1050 3798 1247 3886 prodemus
1271 3799 1494 3886 perfecturus.
1527 3798 1554 3885 )(
1594 3800 1671 3864 θυῖε
1698 3817 1817 3884 agnum
1845 3795 1984 3868 luctam,

367 3935 462 4000 supra
483 3913 685 4000 phoenicium
706 3931 738 3985 a.
782 3913 908 3978 Duteus
927 3935 958 3998 p.
981 3917 1032 3976 68.
1065 3911 1213 3976 Mionuet
1233 3911 1292 3992 Ill,
1316 3935 1346 3998 p.
1371 3917 1434 3977 670
1457 3935 1511 3994 ηρ.
1533 3918 1607 3978 687.

493 4023 670 4092 Dotensius
696 4025 719 4091 l.
749 4049 776 4092 c.
810 4027 895 4090 huuc
932 4045 1062 4091 numum
1100 4023 1232 4112 Vagae,
1267 4023 1440 4090 Numidiae
1469 4026 1562 4105 urbi,
1598 4023 1710 4090 tribuit
1744 4035 1825 4090 uer:
1860 4019 1985 4104 Vagam

365 4143 601 4226 interpretatus.
646 4139 711 4204 Sed
732 4137 1097 4204 Persico-Phoenicium
1122 4142 1144 4204 i.
1168 4161 1197 4204 e.
1221 4136 1369 4204 Cilicium
1392 4159 1465 4203 eunt
1489 4161 1579 4218 esse,
1608 4149 1745 4224 arguunt
1765 4134 1881 4220 prioris
1897 4130 1986 4196 attri-

366 4252 452 4318 buta.
496 4251 584 4332 Quid
607 4273 684 4317 vero
707 4255 749 4317 sit
771 4268 867 4332 rursu,
904 4263 936 4314 et
954 4253 1038 4316 sitne
1059 4251 1197 4315 sortasse
1219 4251 1423 4317 scribendum
1447 4255 1531 4324 trba:
1558 4255 1654 4336 (narn
1676 4271 1809 4315 numum
1832 4266 1896 4310 non
1920 4242 1985 4306 ridi

366 4380 398 4428 et
422 4366 546 4430 ridetur
566 4362 623 4428 ille
647 4367 831 4430 rarissimus
850 4363 962 4446 esse),
996 4385 1059 4428 uon
1083 4363 1212 4428 definio.
1327 4413 1338 4450 ·.

490 4479 527 4542 P.
574 4477 683 4562 Caput
703 4473 856 4543 Palladis
876 4478 1043 4564 guleutura
1071 4478 1108 4560 )(.
1150 4475 1257 4560 Caput
1278 4478 1432 4543 Palladis
1453 4477 1644 4555 aduersum,
1679 4476 1810 4562 galeone
1830 4475 1985 4552 utrinque

366 4597 535 4656 metatam
562 4613 699 4678 gerens,
735 4613 807 4654 curn
836 4587 1008 4676 epigraphe
1038 4591 1102 4680 75⁷³
1135 4591 1239 4676 pnub·
1293 4589 1345 4655 Ad
1374 4588 1557 4676 exemplum
1579 4587 1664 4654 Mus.
1687 4586 1768 4652 Brit.
1795 4585 1835 4649 ci.
1857 4582 1984 4646 Duteus

365 4723 395 4787 p.
417 4709 469 4769 78.
503 4703 652 4769 Mionuet
672 4702 716 4789 pl
741 4708 792 4770 54.
820 4701 860 4766 T.
883 4700 939 4779 ΙΙΙ,
965 4724 992 4786 p.
1015 4707 1089 4766 663.

479 4813 582 4884 ‚Nihil
605 4819 721 4881 certius
744 4829 795 4884 est
814 4812 992 4901 epigraphe
1011 4817 1076 4900 “rba
1100 4806 1210 4903 purch.
1247 4815 1342 4880 Hauc
1363 4815 1514 4901 Koppiue
1536 4815 1586 4900 (Π
1600 4839 1632 4902 p.
1649 4812 1731 4891 205)
1753 4809 1865 4876 tribuit
1876 4805 1980 4876 Areae

365 4902 543 4992 Caesareae
572 4929 612 4992 ad
642 4929 823 5008 Libanum,
859 4930 952 5013 eique
975 4930 1112 4992 assensit
1132 4927 1349 5014 Liudhergius
1371 4951 1442 5014 pag.
1465 4935 1525 5007 tr,
1553 4929 1678 4992 assensi
1700 4938 1732 4988 et
1751 4927 1819 5008 ipse
1841 4923 1874 4984 iu
1897 4918 1982 4982 uotis

366 5042 406 5105 ad
438 5037 652 5106 Burokhardti
685 5045 755 5107 itin.
785 5042 897 5126 Syriae
926 5038 942 5104 l
972 5064 1003 5125 p.
1029 5045 1088 5106 271
1121 5040 1169 5104 ed.
1199 5063 1313 5126 germ.,
1348 5039 1405 5104 uhi
1432 5039 1528 5126 plura
1556 5042 1595 5104 de
1623 5038 1681 5104 illa
1710 5037 1790 5102 urbe
1821 5034 1980 5118 congessi.

364 5151 430 5218 Sed
454 5154 558 5218 denuo
580 5153 663 5220 hauc
684 5178 827 5250 caussam
850 5151 1029 5220 recolentes
1052 5152 1145 5238 plura
1165 5152 1241 5256 huic
1262 5154 1441 5217 sententiae
1465 5152 1593 5218 obstare
1615 5153 1786 5226 vidimus,¹
1806 5163 1980 5230 rerumque

362 5266 483 5330 vidisse
506 5266 655 5332 videntur
674 5267 861 5334 Mionuetus
883 5267 1001 5353 aliique
1020 5264 1308 5352 Numismatologi,
1336 5269 1388 5353 qui
1403 5265 1486 5330 hauc
1500 5279 1660 5330 monetam
1675 5261 1810 5328 Ciliciae
1825 5259 1979 5325 tribuunt.

362 5381 506 5445 Priorum
541 5382 627 5444 euim
664 5381 758 5447 huius
796 5383 884 5446 nurui
919 5379 1043 5444 iahrioa
1077 5377 1173 5466 louge
1207 5377 1386 5466 elegantior
1414 5393 1447 5444 et
1473 5380 1621 5460 nitidior,
1664 5397 1758 5465 quam
1788 5373 1980 5440 Phoeniciae
