5016 6294
557 605 1783 750 ttsdttfflttntco-NUMIDIC.LV1.THUGGsttSB1antJ1s
1921 687 1991 763 185
2074 659 2081 664 ι

455 867 536 955 (hoc
556 868 625 950 est)
647 876 883 932 monumentum
905 866 1147 945 Huatouefilt’t‘
1165 863 1329 946 Funere,
1359 889 1460 933 cornu
1482 866 1613 956 Siggoe

452 987 599 1047 stantun·
616 979 689 1045 Det'
706 987 821 1045 sunni
840 989 874 1046 et
895 982 1033 1066 collegii
1051 980 1273 1060 sacedotum,
1302 981 1505 1046 sacerdotum
1532 981 1721 1049 Tioiaiiae.

453 1093 521 1171 (itti
533 1114 611 1158 vero
621 1100 736 1178 potuit
758 1091 865 1176 (hunc
879 1095 1022 1179 cippum)
1039 1091 1280 1171 Haawaefiiio
1292 1089 1439 1160 Funere
1455 1096 1660 1174 (secundant
1675 1097 1870 1164 desideriunt
1886 1105 1991 1188 ἱρεῖαι

447 1207 549 1291 (init)
572 1205 687 1270 doctor
710 1204 982 1283 tumficuntt'ttm.

448 1317 529 1384 Meo
552 1328 660 1383 autera
683 1324 811 1385 neniae
830 1327 867 1382 ut
881 1317 1083 1398 sacrificiunt
1099 1317 1352 1384 mcbnrirtt'cma
1366 1363 1465 1382 ......
1487 1329 1630 1386 mactate
1644 1329 1677 1386 et
1692 1327 1830 1390 canelus
1839 1327 1992 1405 sentinas

836 1433 841 1448 “
1378 1452 1497 1518 eueqtte
1518 1437 1671 1520 iugulate

448 1543 533 1632 (itoc
555 1541 649 1626 ioco)
671 1543 764 1626 epuli
784 1541 969 1630 (funebris)
991 1565 1108 1609 coacta
1128 1587 1170 1609 ...
1192 1543 1344 1628 (mense)
1366 1543 1496 1609 Nicone
1519 1556 1551 1610 et
1573 1545 1680 1611 Elaia.
1729 1549 1807 1614 Tam
1827 1572 1885 1616 oct

450 1665 585 1723 cantate
606 1655 753 1740 hyaenam
775 1658 845 1722 t'ilt'r
866 1663 925 1742 qut·
940 1655 1040 1742 (hic)
1064 1663 1169 1722 strata·
1187 1665 1264 1722 tunt
1286 1665 1320 1721 et
1336 1667 1538 1741 pernoctant
1560 1668 1594 1724 et
1610 1661 1763 1745 pluribus
1783 1675 1994 1731 annumerati

1375 1780 1460 1837 ruat.

490 1929 700 2020 Quantopere
723 1931 802 1996 haec
823 1929 940 2011 lectio,
965 1934 1017 1997 cui
1032 1949 1180 2019 tanquam
1194 1935 1401 1998 fundamento
1415 1917 1631 2018 superstructa
1646 1934 1702 2000 iiia
1718 1939 1948 2026 interpretatio,
1971 1969 1991 2010 a

365 2069 440 2112 vera
456 2043 632 2111 litterarum
645 2041 883 2132 significatione
898 2043 999 2123 absit,
1024 2062 1054 2109 et
1070 2062 1185 2131 sponte
1201 2049 1308 2111 vident
1319 2045 1455 2132 lectores
1470 2049 1645 2132 scripturae
1661 2049 1991 2122 Punico-Numidicae

364 2161 477 2248 gnari,
516 2174 548 2221 et
577 2179 620 2222 ex
648 2157 734 2222 inira
756 2159 899 2222 dicendis
921 2157 1086 2243 apparebit
1120 2158 1214 2242 (nant
1238 2159 1300 2222 duo
1323 2173 1443 2222 tantum
1467 2161 1560 2244 primi
1583 2181 1693 2226 versus
1717 2163 1871 2232 vocabula
1893 2191 1988 2240 nasta

366 2288 398 2337 at
419 2290 455 2362 i²
477 2285 563 2336 recte
585 2269 664 2357 legit
679 2269 904 2349 Hamakerus,
944 2283 976 2332 et
1004 2292 1045 2334 ne
1073 2268 1135 2334 hoc
1164 2273 1293 2357 quidem
1317 2271 1415 2350 vidit,
1444 2273 1528 2356 qnod
1550 2273 1630 2336 adeo
1653 2271 1803 2361 Tettrpiio
1825 2286 1852 2366 ⁸)
1883 2288 1990 2352 statim

365 2389 399 2451 in
434 2384 546 2450 oculos
575 2386 730 2463 incurrit,
767 2385 800 2446 in
823 2384 927 2468 prima
948 2385 1165 2469 inscriptionis
1188 2397 1277 2469 parte
1300 2385 1399 2448 octies
1421 2387 1522 2469 repeti
1543 2385 1727 2478 pnfilt'ue):
1762 2411 1863 2480 eoque
1885 2401 1991 2465 minus

365 2495 511 2586 singuios
538 2517 664 2576 errores
685 2497 851 2581 exagitare
874 2495 996 2582 piacet,
1024 2517 1120 2581 quum
1143 2499 1212 2580 ipse
1235 2495 1458 2576 Hantakerus,
1490 2518 1668 2586 quanquam
1692 2505 1805 2582 tacite,
1835 2508 1989 2596 interpre-

366 2613 520 2675 tationem
541 2632 560 2672 a
578 2631 613 2673 so
636 2608 742 2672 detaut
764 2608 938 2694 reprobare
961 2610 1124 2690 videatur,
1155 2623 1265 2695 utpote
1288 2629 1330 2671 ex
1352 2609 1541 2699 apographo·
1560 2609 1793 2698 negligentiore
1815 2620 1990 2702 proiectam

367 2725 483 2809 „quod
509 2701 630 2789 ndliem
660 2719 758 2786 fidem
780 2733 902 2785 mereat
925 2735 956 2784 et
979 2743 1118 2807 prorsus
1146 2723 1317 2808 explicari
1342 2727 1559 2808 aeqttt'uerit“
1587 2722 1791 2810 (Misceiiau.
1814 2751 1883 2818 pag.
1905 2733 1988 2816 lx).

366 2835 475 2902 Unum
497 2836 666 2901 dicendum
688 2848 737 2898 est
758 2847 884 2920 aperte,
912 2856 1109 2922 nequaquam
1130 2839 1239 2898 ornain
1261 2831 1311 2896 vei
1335 2849 1420 2898 certe
1440 2832 1608 2922 pleraque,
1631 2861 1712 2924 quae
1726 2842 1991 2927 reprehendenda

368 2951 492 3015 sintin
518 2947 575 3012 iiia
603 2949 887 3034 interpretatione,
924 2946 1097 3034 apographi
1126 2945 1343 3034 negligentiae
1372 2946 1541 3012 tribuenda
1563 2971 1634 3014 esse
1666 2951 1758 3035 (vide
1780 2975 1856 3022 mox
1879 2965 1907 3034 §.
1930 2965 1989 3044 3):

367 3064 424 3128 sed
453 3065 625 3130 maximam
656 3063 775 3124 erroris
797 3073 917 3145 partem
948 3057 1125 3125 litterarum
1154 3063 1303 3148 potestati
1332 3081 1499 3146 perperam
1521 3065 1712 3128 constitutae
1740 3067 1790 3150 (v.
1811 3065 1991 3140 litterarum

369 3175 510 3241 tabulam
538 3173 694 3237 diatribae
723 3171 948 3256 subiunctam)
978 3173 1179 3238 tribuendam
1209 3193 1298 3237 esse:
1333 3173 1416 3260 quod
1440 3173 1554 3240 velex
1577 3197 1615 3239 eo
1638 3193 1786 3262 apparet,
1824 3185 1907 3266 quod
1931 3208 1991 3252 nos
2073 3195 2079 3202 “

370 3291 427 3370 (ut
448 3290 571 3363 sciunt,
599 3287 654 3371 qni
677 3283 843 3348 nobiscum
868 3283 949 3348 haec
971 3287 1075 3349 studia
1098 3289 1293 3372 tractarunt)
1315 3291 1453 3374 priorem
1470 3289 1687 3374 inscriptionis
1701 3305 1822 3375 partem
1838 3297 1902 3359 iem
1916 3313 1991 3364 ante

369 3397 580 3466 Miscellanea
604 3397 689 3462 edita
711 3398 823 3460 eodem
845 3397 913 3462 iere
935 3399 1029 3462 modo
1051 3395 1206 3482 legimus,
1235 3415 1330 3484 atque
1353 3423 1437 3463 nnnc
1459 3399 1640 3466 iaciendum
1661 3417 1807 3490 putamus
1829 3421 1861 3471 et
1879 3415 1991 3495 paucis

370 3515 511 3580 ,fiximus
531 3501 868 3597 (palaeograpditcde
882 3507 1024 3574 Studien
1038 3531 1069 3594 p.
1084 3513 1159 3589 83),
1181 3533 1276 3596 quam
1291 3513 1461 3575 verborum
1477 3513 1718 3597 dispositionem
1734 3533 1846 3603 postea
1860 3528 1990 3610 egregie

369 3625 512 3691 firntarit
546 3623 687 3711 Tempiii
715 3622 955 3710 apographum,
989 3622 1074 3709 quod
1102 3621 1244 3686 Londini
1273 3622 1355 3688 mihi
1387 3625 1522 3708 primum
1549 3628 1706 3706 innotuit,
1734 3631 1863 3718 singnis
1891 3635 1991 3700 verita

370 3741 498 3826 punctis
520 3739 685 3803 dirimens.

499 3905 529 3966 3.
573 3899 753 3985 Antequam
770 3901 831 3986 ipsi
852 3899 892 3963 ad
911 3900 1150 3985 inscriptionem
1165 3895 1319 3962 Punicam
1338 3897 1606 3984 interpretandam
1631 3921 1689 3966 nos
1710 3905 1926 3992 accingimus,
1950 3909 1992 3974 dc

371 4028 523 4084 contextu
545 4015 615 4078 eins
637 4034 679 4076 ex
701 4014 799 4076 seriis
822 4010 978 4098 exemplis
999 4011 1223 4077 constituendo
1238 4024 1270 4075 et
1287 4011 1327 4075 de
1347 4007 1522 4110 litterarum
1537 4025 1695 4098 potestate
1709 4029 1795 4081 recte
1809 4017 1992 4089 definienda

369 4128 467 4218 paulo
491 4128 652 4214 copiosius
674 4123 900 4209 disputandum
924 4139 982 4190 cst.

502 4283 607 4363 Quum
630 4281 714 4366 lapis
732 4285 803 4366 ipse
825 4284 858 4346 in
881 4281 991 4348 Airica
1016 4282 1208 4346 remanserit
1236 4284 1369 4370 eiusque
1390 4263 1430 4376 ne
1452 4296 1599 4368 ectyputn
1625 4285 1752 4370 quidem
1773 4289 1807 4352 in
1829 4288 1992 4376 Europam

372 4401 572 4490 peruenerit,
610 4420 651 4461 ex
683 4395 785 4461 tribus
815 4393 871 4478 (ut
899 4394 1058 4477 diximus)
1087 4393 1281 4480 apographis
1317 4395 1511 4479 pendemus,
1545 4395 1670 4462 duobus
1698 4395 1887 4484 Bargianir,
1926 4423 1991 4466 uno

372 4513 577 4600 Tempiiaao.
619 4507 754 4574 liiorum
777 4507 865 4590 prius
887 4527 907 4570 a
926 4505 1047 4592 Borgia
1065 4508 1137 4589 ipso
1158 4508 1351 4592 descriptum
1373 4505 1413 4572 ab
1430 4507 1618 4574 Hamakero
1639 4523 1702 4576 tam
1722 4513 1864 4597 graviter
1884 4531 1993 4596 repre·

373 4596 508 4694 transuta
531 4639 598 4704 est,
628 4637 665 4688 ut
686 4618 780 4708 piane
802 4617 917 4682 inatile
939 4631 971 4682 ct
993 4617 1086 4684 nihiii
1108 4619 1142 4684 id
1165 4636 1236 4686 esse
1257 4635 1366 4708 patos:
1397 4621 1456 4688 sed
1478 4643 1591 4688 revera
1614 4621 1655 4688 ab
1677 4621 1778 4688 altero
1806 4645 1833 4688 s.
1855 4621 1993 4710 Bergis-

426 4877 457 4950 ’)
482 4881 566 4949 „sae
593 4879 736 4945 inscription
765 4879 915 4942 apparently
942 4879 1033 4926 reicies
1057 4883 1083 4925 to
1108 4875 1149 4925 tte
1400 4875 1440 4959 *pb
1463 4889 1499 4954 p:
1520 4889 1580 4942 em
1606 4890 1648 4940 π
1670 4887 1754 4958 Ῑῃῃκ
1778 4891 1813 4961 pa
1835 4891 1906 4944 *mm

375 4976 644 5048 annaneane
663 4992 769 5043 aaron.
795 4969 843 5036 ,aa
868 4991 905 5022 we
924 4967 993 5034 ‘’ste'‘
1011 4979 1073 5022 ‚aaa
1091 4971 1150 5022 ¹⁰⁶⁰·
1613 5001 1730 5053 nors
1753 5001 1788 5074 r:
1810 5001 1942 5055 naon·

377 5077 486 5142 oword,
503 5075 561 5127 witit
575 5073 697 5138 evidently
709 5073 730 5121 is
745 5073 885 5138 equicoient
898 5081 923 5119 to
940 5084 975 5152 p:
995 5068 1057 5134 „tite
1073 5064 1149 5120 ton.“
1217 5103 1377 5164 P⁰¹⁶¹⁸²¹ii¹⁰
1403 5113 1468 5150 me
1494 5099 1633 5166 Templi„
1650 5101 1866 5169 inperpunggone
1884 5103 1990 5158 “pum

376 5176 500 5234 Priorem
518 5173 708 5243 estuantem
728 5170 750 5224 ἱ·
770 5171 807 5223 ¹¹⁸
824 5169 903 5243 agn:
1218 5191 1284 5245 taut
1296 5207 1333 5280 1²
1342 5193 1447 5248 raanan
1459 5211 1618 5268 agnoscas.
1640 5197 1694 5256 sar
1705 5196 1989 5266 permanarent„

626 5271 667 5356 'ib
691 5285 727 5360 1³
747 5283 807 5336 ΨΜ
831 5283 867 5356 1³
891 5277 962 5352 ''i-‘iii
985 5279 1066 5333 ²7³²„
1220 5294 1278 5348 sine
1291 5295 1338 5348 tati
1349 5295 1511 5350 adminiculo
1522 5297 1642 5372 agnosci,
1659 5300 1734 5369 prior
1744 5309 1836 5354 nonne
1847 5303 1991 5356 stemmatis

462 5405 494 5454 ’1
523 5397 619 5452 ’ΜΒ
651 5399 687 5469 3³
715 5397 830 5452 natta&
852 5378 979 5450 utsa'nts
1003 5391 1065 5470 1³25
1220 5392 1302 5448 tectio
1316 5401 1492 5448 monstratas
1505 5395 1850 5470 sotoBorgianoexempto
1863 5399 1991 5467 pendens.

1574 5505 1615 5564 24
