4938 6302
847 637 887 705 A.
928 635 1096 706 PUNICA
1115 637 1238 706 APUD
1260 636 1490 708 PLAU'l'UM.
1905 647 1976 723 381

355 831 474 898 suffixo
506 841 569 920 πῃ,
608 825 757 913 equidem
786 823 833 892 nil
861 827 991 908 dubito,
1025 829 1109 914 quod
1132 828 1259 913 quidem
1282 826 1401 914 duplici
1422 829 1519 894 modo
1542 832 1677 918 cogitari
1698 845 1820 918 potest:
1854 839 1922 902 sive
1945 856 1980 906 ut

354 945 480 1033 legatur
502 938 699 1008 mccrctln'at
719 939 890 1026 (Heidelb.
907 940 1131 1027 aucorapbim)
1153 954 1185 1005 et
1206 940 1366 1007 scribatur
1388 948 1534 1042 aqna-pti·
1555 966 1576 1008 a
1596 943 1674 1011 lem.
1699 952 1796 1041 :eppei
1818 981 1863 1010 .-=
1885 958 1978 1046 ηιξ,

352 1079 433 1148 quae
462 1057 545 1122 ratio
576 1053 815 1118 commendatur
844 1053 952 1119 verbis
980 1052 1091 1119 latinis
1120 1053 1178 1118 :ud
1206 1061 1340 1134 cratiae,
1379 1077 1559 1143 quanquam
1585 1059 1616 1120 ei
1637 1075 1794 1146 repugnat
1814 1065 1887 1130 sall.
1909 1065 1979 1153 plu·

353 1170 419 1236 nale
448 1171 482 1234 ia
513 1164 771 1255 anbonnium,
798 1167 882 1251 quod
905 1187 1021 1230 nomen
1045 1164 1168 1252 plurale
1189 1189 1322 1252 poscere
1344 1169 1486 1234 videtur:
1519 1175 1588 1235 sive
1609 1171 1791 1239 ancoralia:
1811 1175 1864 1240 vel
1885 1200 1973 1244 ottoc-

351 1291 436 1350 ruint
454 1313 500 1344 =
521 1283 653 1379 upuppae·
676 1277 736 1364 (cl.
756 1277 998 1362 myttbybariim
1019 1309 1065 1339 =
1083 1281 1253 1363 certunm)
1283 1280 1453 1347 mendacta
1477 1304 1597 1349 eurum.
1986 1275 1987 1278 ¹
2075 1265 2078 1272 ⁴

480 1391 526 1460 V.
547 1398 600 1459 67.
650 1391 802 1458 Gunela!
821 1391 985 1457 dulcamen
1006 1393 1160 1478 termas)
1196 1399 1258 1457 iam
1281 1391 1404 1458 Potitus
1428 1399 1602 1460 maximam
1624 1411 1747 1482 partem
1772 1401 1817 1464 ita
1838 1406 1978 1488 scripsit,

354 1523 390 1574 ut
417 1530 515 1596 supra
542 1508 696 1586 fecimus,
733 1508 954 1570 consentiente
979 1503 1151 1584 Reinesic,
1186 1503 1413 1571 Bellermannc
1443 1507 1484 1572 el.
1513 1509 1609 1596 idque
1639 1533 1740 1597 paene
1766 1513 1979 1579 indubitatam

353 1625 490 1688 videtur.
542 1619 695 1686 Gunebel
719 1616 772 1682 vel
801 1640 865 1683 uuo
888 1639 911 1682 n
932 1631 1064 1684 extruso
1087 1633 1138 1684 est
1157 1641 1217 1706 pro
1238 1619 1294 1712 533
1317 1629 1403 1717 pop,
1433 1620 1485 1684 vel
1507 1645 1526 1686 e
1548 1626 1677 1688 nornine
1699 1645 1770 1707 ntea,
1794 1627 1879 1691 nude
1901 1623 1984 1692 lem.¹

353 1756 453 1835 appr:
486 1746 659 1821 utrumque
692 1730 726 1796 b.
747 1728 770 1794 l.
799 1728 891 1816 ὕβριν
921 1729 1103 1818 siguificat,
1137 1747 1173 1798 ut
1199 1733 1304 1799 Lxx
1333 1733 1471 1800 reddunt
1486 1733 1583 1801 hebr.
1605 1753 1685 1827 tunt.
1729 1713 1781 1804 :ld
1803 1738 1977 1806 Balsamen

352 1850 393 1916 cl.
417 1843 597 1930 Βεελσαμὴν
616 1869 669 1933 ap.
692 1842 1009 1940 Sancbuniatlrouam
1030 1865 1061 1907 u.
1083 1845 1150 1908 iud.
1172 1843 1439 1932 appellativorum
1458 1845 1516 1912 litt
1532 1847 1570 1912 Β.
1594 1856 1729 1916 daneon
1751 1867 1825 1939 :cuj
1849 1867 1898 1918 est
1919 1853 2002 1928 fuc'¹

351 1964 402 2030 Pi.
431 1983 451 2026 a
478 1979 540 2048 ‘pc-r
568 1999 639 2062 θ...)
666 1956 781 2045 ligavit
807 1956 884 2022 lune
913 1980 941 2022 s.
963 1959 1117 2042 capistro:
1146 1955 1291 2045 legitima
1313 1960 1439 2024 mediae
1460 1961 1611 2028 radicalis
1633 1937 1978 2050 geminetic'ncglecta

351 2096 418 2161 eat,
445 2093 482 2146 ut
496 2082 531 2145 iu
555 2079 624 2163 ttty
647 2081 719 2170 rupta,
743 2085 773 2157 l,
796 2081 835 2156 9,
874 2073 1003 2142 ltbcbal
1023 2105 1069 2135 =
1089 2078 1224 2162 §tulum
1283 2077 1435 2144 Facessat
1464 2094 1570 2146 autem
1592 2080 1815 2166 'l'ycbsenius‚
1856 2087 1910 2170 qui
1932 2087 1978 2150 ita

352 2193 474 2260 Punica
495 2191 607 2258 scribit
628 2203 661 2256 et
680 2183 923 2276 iuterpretatur:
946 2193 1053 2284 3³:82³}
1075 2195 1162 2284 07:322
1184 2192 1226 2276 bu,
1247 2194 1314 2284 ὅςῆ
1337 2201 1387 2283 *gp
1410 2203 1553 2260 ananim
1567 2201 1750 2262 vanitates:
1771 2183 1992 2282 (vaniloquii

353 2327 419 2372 nun
443 2307 565 2372 coelus:
583 2302 806 2390 possidebunt.

971 2441 1359 2460 m

480 2557 592 2623 'l'ertia
614 2577 711 2622 scena
732 2557 863 2620 nonnisi
884 2555 964 2620 duos
986 2547 1076 2620 locca
1099 2541 1237 2622 Punic'os
1259 2559 1417 2637 continet,
1448 2581 1548 2625 unum
1572 2560 1614 2626 V.
1634 2565 1675 2626 33
1698 2561 1889 2628 burdanum
1912 2575 1979 2640 vos,

352 2676 391 2739 de
421 2695 483 2760 qua
510 2671 707 2758 imprecandi
736 2666 876 2734 formula
902 2671 967 2732 iem
997 2675 1028 2746 2,
1052 2673 1092 2734 53
1124 2669 1244 2734 dictum
1273 2683 1340 2751 est,
1377 2670 1513 2736 alterum
1545 2671 1641 2737 Vens.
1665 2679 1716 2738 22.
1742 2681 1802 2754 2³,
1841 2697 1883 2740 ex
1914 2697 1977 2760 quc

352 2789 499 2873 equidem
529 2782 612 2848 nihil
645 2781 750 2848 efficio
780 2793 812 2844 et
838 2793 1013 2868 propterea
1041 2782 1185 2846 iudicare
1220 2803 1286 2846 non
1318 2803 1469 2869 possum,
1508 2806 1549 2848 un
1577 2790 1665 2850 re'cte
1692 2785 1830 2872 Milphio
1857 2788 1979 2852 Punica

350 2904 574 2985 interpretatas
604 2896 720 2975 luerit,
754 2898 789 2960 in
819 2915 914 2981 qnam
936 2897 1128 2959 sententiam
1150 2891 1307 2959 inclinare
1329 2899 1449 2982 possit,
1485 2899 1539 2984 qui
1561 2899 1695 2978 viderit,
1725 2897 1857 2965 latinam
1881 2904 1978 2965 inter·

349 3014 562 3099 pretationem
593 3012 746 3088 minime,
787 3019 822 3072 ut
851 3006 1055 3094 plerumque,
1094 3006 1181 3073 solos
1203 3030 1300 3074 sonos
1331 3008 1504 3074 verborum
1526 3011 1719 3076 Punicorum
1742 3027 1869 3099 captare
1892 3026 1924 3076 et
1942 3016 1976 3076 in

349 3122 518 3190 ridiculum
547 3139 682 3188 venere.
739 3121 912 3208 Postquam
944 3123 1031 3186 euim
1060 3119 1278 3219 Gildonem,
1315 3101 1431 3188 mulier
1462 3120 1747 3210 carthaginensis,
1780 3124 1975 3190 Hannonem

351 3239 521 3324 pristinum
553 3235 666 3302 berun:
694 3236 826 3322 agnovit
854 3247 948 3319 atque
970 3234 1121 3320 gaudium
1144 3237 1184 3300 de
1206 3249 1384 3321 opportuno
1406 3239 1476 3302 eius
1499 3239 1638 3303 adventu
1659 3235 1871 3326 significavit,
1910 3259 1979 3304 ser-

351 3371 463 3414 vorum
485 3349 679 3414 Punicorum
700 3369 785 3412 uuus
807 3345 976 3412 mulierem
997 3345 1182 3433 popularem
1203 3351 1248 3412 ita
1270 3347 1459 3434 compellat:

734 3460 912 3526 Haadoues
934 3457 984 3524 illi
1005 3458 1112 3524 havon
1133 3459 1218 3524 bene
1239 3464 1270 3526 si
1291 3459 1340 3524 illi
1361 3463 1395 3525 in
1416 3464 1566 3528 mustias.

354 3579 407 3641 cai
427 3573 543 3640 mulier
562 3574 752 3661 respondet:

733 3683 790 3752 Me
812 3687 875 3772 ipsi
897 3699 929 3750 et
950 3701 1062 3751 eneate
1088 3685 1164 3752 dum
1187 3699 1220 3750 et
1241 3681 1367 3748 damna
1389 3687 1558 3750 cestinum.
1660 3727 1662 3732 -

352 3799 437 3864 'l'um
459 3799 707 3887 Agorastocles:

735 3909 821 3988 Quid
843 3909 892 3976 illi
913 3909 1012 3976 locuti
1036 3925 1110 3977 sunt
1131 3914 1217 3976 inter
1238 3909 1295 3974 sel
1328 3910 1379 3975 dic
1400 3905 1491 3974 mibi.

479 4025 550 4094 llll.
585 4025 722 4092 Matrem
744 4023 865 4090 salutat
886 4025 941 4088 hic
962 4045 1070 4104 suam,
1106 4023 1186 4088 haec
1208 4037 1313 4088 autem
1335 4020 1422 4087 bunc
1443 4021 1559 4088 filium.
1692 4021 1700 4028 ’

479 4137 746 4224 Bellermannus‚
775 4141 830 4225 qni
851 4135 1042 4222 Milphicois
1064 4139 1363 4223 interpretationem
1382 4133 1534 4201 ficticium
1556 4151 1685 4217 censet,
1715 4113 1795 4204 hacc
1816 4142 1863 4204 ita
1884 4137 1980 4206 solvit

212 4213 217 4218 ·
352 4253 540 4341 redditque:

765 4352 829 4432 :nn
852 4353 912 4406 nu:
937 4353 991 4424 :aa
1014 4339 1113 4431 apag:
1135 4345 1210 4430 otuu
1233 4351 1287 4430 pn
1308 4337 1393 4426 'le
1415 4345 1474 4422 ut:
1498 4349 1536 4426 pp

727 4463 806 4544 etun
827 4453 908 4544 buit:
932 4452 1069 4544 oblau:
1096 4463 1175 4543 caup
1197 4454 1304 4548 uturp-p
1326 4459 1379 4518 :tr
1402 4431 1539 4548 cupam

481 4563 574 4630 Puer.
604 4565 722 4651 pietate
752 4576 929 4630 commotas
957 4576 1007 4628 est
1030 4563 1178 4628 domiuus
1201 4585 1312 4642 meus,
1341 4564 1427 4649 quod
1448 4564 1528 4628 deus
1552 4582 1643 4627 meus
1667 4562 1742 4647 (ei)
1765 4562 1896 4628 donavit
1919 4560 1978 4628 baa

1290 4673 1392 4754 filias,
1424 4696 1488 4739 non
1510 4677 1606 4740 morti
1629 4675 1771 4741 tradidit.

481 4785 576 4855 Gidd.
608 4787 690 4868 Quis
711 4802 839 4877 preater
860 4809 911 4854 rua
930 4787 1131 4876 (beatuslb
1156 4787 1346 4852 Lameutnm
1370 4786 1494 4852 silebit!
1524 4790 1557 4852 in
1581 4801 1744 4853 aeternam
1767 4785 1979 4874 gaudebimus

509 4905 512 4919 '
1292 4899 1392 4965 beati.

478 5009 571 5092 Quae
600 5035 750 5103 maguum
778 5027 900 5102 partem
928 5018 975 5080 ita
996 5013 1075 5079 lerri
1096 5033 1161 5078 nou
1183 5033 1298 5100 posse,
1336 5033 1439 5098 neque
1461 5033 1532 5076 earn
1555 5009 1676 5076 habere
1698 5009 1979 5099 significationem,

353 5148 448 5214 qnam
469 5133 500 5191 ei
521 5128 633 5194 tribuit
653 5125 711 5208 Β.,
748 5149 874 5194 mecum
896 5126 991 5192 facile
1013 5125 1196 5214 intelligent
1215 5123 1394 5190 litterarum
1419 5123 1643 5190 hebraicarum
1665 5127 1760 5210 periti
1783 5125 1879 5212 (vide
1902 5149 1979 5212 pree

352 5243 468 5306 ceteris
497 5257 560 5336 :apte
593 5251 653 5311 nit:
683 5244 779 5308 morti
813 5243 959 5321 tradidit,
998 5252 1054 5312 :tr
1082 5257 1162 5328 *cna
1194 5257 1229 5325 tt:
1261 5241 1352 5304 cuius
1381 5235 1539 5304 formulae
1567 5236 1635 5304 Jes.
1656 5244 1717 5320 47,
1741 5245 1771 5305 8.
1794 5244 1845 5305 10.
1877 5238 1978 5326 Zepb.

351 5360 391 5432 2,
428 5359 467 5421 lb
512 5352 612 5444 longe
648 5358 795 5424 diversus
833 5370 882 5422 est
915 5377 1012 5438 usus,
1047 5329 1135 5426 uren
1162 5351 1361 5420 lamentuml
1407 5366 1488 5423 nnec
1524 5349 1668 5426 beatiil:
1705 5349 1839 5418 meliora
1872 5367 1976 5417 tamen
