4906 6300
567 602 907 710 lusentartonas
927 605 1220 676 MELITENSES.
1264 610 1288 675 l.
1308 609 1577 680 MELl'l'ENSlS
1600 613 1748 684 PRIMA.
1898 627 1968 698 101

346 788 487 858 Videtur
508 805 615 856 eutem
630 790 711 858 baec
726 793 937 861 benedicendi
950 791 1088 860 formula
1104 797 1150 860 ite
1165 799 1333 884 cogitanda
1347 821 1438 880 esse,
1472 805 1564 890 qussi
1579 802 1620 868 ab
1635 802 1786 871 Herculis
1804 809 1970 900 sacerdota

344 917 476 990 accepto
502 903 638 970 donario
658 907 767 972 addita
787 909 850 985 sit,
879 909 933 994 qui
955 928 1073 972 nomeu
1095 907 1297 995 imploraret,
1320 926 1355 977 ut
1375 926 1440 980 tarn
1462 917 1588 1000 piorum
1605 919 1657 983 sui
1678 915 1835 984 cultorum
1858 940 1969 1005 preces

343 1017 458 1083 audire
478 1037 598 1104 eosque
618 1017 785 1083 fortunare
806 1014 914 1086 vellet.

471 1165 505 1222 t.
548 1155 674 1222 Graeca
694 1160 913 1245 inscriptionis
932 1181 1008 1245 pars
1030 1162 1165 1226 eandem
1187 1166 1329 1229 continet
1349 1169 1558 1247 sententiam,
1588 1181 1682 1255 atque
1700 1167 1889 1255 phoenicia,
1911 1174 1968 1238 sed

345 1268 550 1358 paucioribus
577 1271 771 1358 defungitur.
821 1271 953 1336 Praeter
981 1269 1063 1352 elie,
1099 1274 1139 1339 de
1169 1275 1284 1364 quibus
1313 1279 1378 1342 ianr
1408 1279 1619 1361 dictumest,
1656 1283 1810 1366 precandi
1830 1283 1971 1372 iorrpula

344 1385 466 1448 omisso
495 1395 553 1448 est.
605 1379 709 1449 Nobis
737 1405 835 1448 unum
865 1384 1034 1450 dicendum
1056 1401 1219 1472 superest,
1261 1390 1301 1454 de
1323 1389 1475 1456 Herculis
1497 1389 1639 1477 epitheto
1662 1392 1846 1480 ἀρχηγέτης,
1885 1397 1970 1463 unde

307 1585 311 1596 ¹
345 1497 611 1562 ΑΡΧΗΓΕΊῈΙ
628 1516 688 1582 pro
709 1493 870 1584 ἀρχηγέτῃ.
915 1495 1072 1562 Graecum
1093 1501 1179 1563 euim
1204 1497 1389 1586 ἀρχηγέτης,
1416 1503 1486 1568 dor.
1511 1502 1698 1590 ἀρχαγέτας,
1732 1509 1816 1594 quod
1838 1512 1970 1575 omnino

346 1617 531 1688 auctorest,
553 1607 753 1673 conditorem
775 1610 923 1696 designet
946 1612 997 1695 (v.
1021 1610 1113 1676 Piod.
1136 1610 1225 1695 Pyth.
1251 1617 1280 1692 5,
1304 1619 1356 1678 80.
1386 1612 1507 1682 Sturaii
1526 1617 1609 1683 Lex.
1633 1619 1843 1706 Xenopbout.
1861 1619 1893 1685 h.
1910 1625 1970 1706 n),

345 1725 444 1786 etiam
465 1719 540 1787 iibri
556 1728 748 1808 receptos-ets
771 1721 811 1806 (2
824 1720 927 1787 Maec.
944 1729 975 1804 2,
993 1728 1030 1788 ut
1043 1723 1074 1808 ),
1102 1725 1188 1809 opud
1203 1723 1381 1791 Dorienses
1395 1731 1535 1794 maxime
1551 1728 1684 1797 solenne
1699 1746 1769 1798 erat
1783 1732 1971 1799 attributum

345 1833 525 1920 Apollinis,
555 1845 665 1921 utpote
685 1855 839 1934 nouarum
861 1837 1023 1900 civitatum
1050 1836 1236 1902 conditoris.
1265 1835 1455 1905 Callimecb.
1476 1839 1584 1928 Apoll.
1607 1848 1666 1910 ὅθι

730 2018 757 2039 ..
770 2019 796 2038 ..
831 1977 951 2056 Φοῖβος
969 1976 1029 2060 γὰρ
1052 1974 1098 2041 ἀεὶ
1118 1977 1255 2041 πολέεσσι
1277 1980 1404 2064 φιληδεῖ
1428 2059 1436 2067 .

733 2087 949 2170 Κτιζομένστς,
981 2087 1075 2164 αὐτὸς
1096 2089 1131 2152 δέ
1149 2091 1291 2170 θεμείλια
1317 2095 1437 2173 Φοῖβος
1455 2089 1591 2179 ipsulm,

347 2225 405 2292 ubi
419 2227 492 2292 ride
514 2226 707 2314 spanhem,
728 2226 863 2294 Aristid.
884 2229 918 2292 iu
940 2249 1090 2315 panegyr.
1115 2225 1226 2312 Cyzici
1248 2227 1289 2296 Τ.
1312 2229 1328 2294 l
1351 2255 1383 2318 p.
1397 2235 1479 2310 237,
1503 2249 1535 2298 et
1556 2233 1736 2312 Hdllrsctttt
1759 2237 1799 2302 de
1819 2234 1970 2324 Apolline

345 2343 512 2406 civitatum
534 2341 711 2406 conditore.
739 2338 946 2426 Regiomouti
963 2347 1056 2421 tstt.
1101 2339 1255 2406 Sciebant
1276 2358 1446 2428 propterea
1467 2365 1622 2412 noverum
1642 2351 1804 2415 civitatum
1823 2363 1971 2415 auctores

347 2467 382 2518 et
403 2451 509 2518 coloni
528 2451 677 2541 Apollini
698 2450 851 2539 ἀρχηγέτῃ
872 2473 944 2517 ares
966 2467 1151 2533 exstruere,
1172 2457 1351 2520 cuiusmodi
1373 2473 1579 2524 monumenta
1593 2461 1626 2524 iu
1642 2463 1748 2526 narnis
1761 2459 1970 2526 Tauromenii

348 2581 383 2631 et
403 2567 515 2632 Encas
539 2565 668 2631 Siculae
690 2579 876 2652 comparent
903 2566 951 2648 (v.
979 2563 1105 2630 Eclrhel
1134 2567 1217 2630 doct.
1241 2589 1329 2632 uam.
1351 2567 1382 2647 l,
1404 2573 1477 2634 206.
1501 2572 1594 2654 248).
1635 2571 1758 2637 Eodem
1781 2577 1972 2660 cognomine

347 2677 532 2766 Apollinem
555 2677 715 2744 ornabant
735 2675 944 2764 Megarenses
967 2690 1000 2741 et
1020 2674 1108 2741 Naxi
1129 2675 1254 2742 insulae
1276 2677 1401 2744 incolae
1420 2681 1578 2766 (Pansae.
1600 2690 1631 2762 l,
1653 2689 1705 2747 42.
1727 2682 1873 2769 Thucyd.
1896 2691 1970 2765 d,3

346 2791 458 2878 ibique
478 2789 637 2875 Dolosa).
680 2789 849 2855 Proximus
873 2803 980 2854 autem
1000 2803 1076 2875 post
1093 2787 1279 2876 Apollinem
1303 2806 1411 2877 partes
1431 2793 1464 2856 in
1485 2796 1577 2859 novis
1599 2794 1781 2862 civitatibus
1795 2797 1970 2863 condendis

348 2906 479 2971 tenebat
502 2901 680 2982 Hercules,
702 2901 892 2966 Punicarum
915 2905 1117 2988 potissimum
1138 2900 1264 2968 urbium
1287 2905 1431 2971 conditor
1452 2904 1582 2972 babitus
1605 2905 1756 2992 (Sallust.
1777 2909 1850 2996 Jug.
1873 2914 1915 2975 89
1936 2923 1970 2974 et

347 3017 432 3084 infra
453 3018 495 3082 ed
516 3013 648 3081 Numid.
672 3016 751 3100 tc),
786 3035 940 3100 persaepe
961 3028 1131 3100 propterea
1152 3017 1276 3098 κτίστης
1303 3017 1370 3081 dor.
1394 3017 1534 3098 κτέστας,
1556 3019 1708 3098 οέκέστας,
1735 3018 1836 3084 lutino
1858 3020 1969 3108 condi-
2027 3017 2031 3024 ’

316 3139 403 3204 ,tor
422 3127 578 3196 salutatus
606 3130 659 3210 (v.
683 3125 809 3194 Eclrbel
830 3125 872 3191 D.
894 3123 937 3197 N.
956 3124 1014 3206 lV,
1034 3131 1135 3210 349),
1166 3125 1197 3192 b.
1220 3125 1241 3194 l.
1264 3127 1432 3214 ἀρχηγέτης
1465 3133 1517 3218 (ν.
1539 3129 1673 3196 Boeckh
1697 3129 1794 3218 Corp.
1817 3131 1968 3200 inscr.ll
2029 3159 2042 3184 ·

347 3267 380 3332 p.
394 3247 467 3309 229.
496 3240 620 3306 Osann.
643 3237 716 3324 syll.
744 3261 775 3326 p.
796 3244 870 3304 404.
900 3259 951 3304 uo.
972 3237 1051 3323 Vl).
1094 3236 1180 3304 Num
1209 3243 1305 3306 etiam
1333 3239 1454 3326 'l'yriee
1482 3245 1515 3308 in
1545 3243 1651 3310 insula
1679 3242 1794 3310 Melita
1821 3243 1968 3310 coloniae

348 3369 459 3422 auctor
487 3353 617 3420 habitos
642 3355 704 3432 sit,
739 3353 894 3416 incertum
918 3364 983 3429 est,
1020 3371 1115 3436 quern
1144 3349 1273 3416 aliunde
1303 3353 1343 3419 de
1372 3375 1411 3418 eo
1446 3353 1525 3419 nibil
1564 3369 1704 3422 constet:
1747 3358 1804 3426 sod
1840 3356 1968 3436 sufficit,

349 3467 432 3553 'l'yri
459 3489 534 3532 eum
562 3465 730 3550 ἀρχηγέτην
759 3463 888 3564 luisse·
923 3459 1076 3528 Coloniae
1096 3465 1183 3528 enim
1204 3485 1268 3528 non
1291 3486 1417 3552 semper
1437 3469 1479 3532 iis
1501 3469 1676 3534 conditoris
1698 3468 1843 3535 bonores
1860 3471 1970 3534 decre·

349 3583 454 3660 visse,
489 3581 543 3667 qui
567 3599 623 3644 ees
644 3577 865 3667 condiderint,
899 3575 957 3642 sed
990 3595 1175 3641 communes
1198 3595 1294 3662 saepe
1314 3598 1386 3642 cum
1407 3578 1577 3665 metropoli
1598 3583 1780 3648 conditores
1800 3595 1969 3648 veneratas

349 3713 425 3760 esso
445 3705 568 3758 constat
587 3693 638 3777 (v.
661 3685 787 3756 Eclrbel
807 3687 830 3753 l.
850 3709 880 3754 c.
901 3711 934 3774 p.
954 3691 1048 3772 346).

479 3837 510 3898 5.
553 3830 703 3917 Denique
726 3843 761 3894 ut
783 3831 823 3895 de
844 3837 959 3904 aetate
973 3825 1194 3894 nobilissimae
1207 3829 1424 3915 inscriptionis
1438 3831 1548 3916 paucis
1565 3851 1714 3918 egemus,
1736 3836 1874 3918 primurn
1888 3830 1968 3898 illud

350 3959 426 4012 ante
442 3947 550 4010 omnia
563 3945 713 4031 positum,
728 3963 799 4006 eam
815 3943 865 4026 (ut
877 3955 964 4006 recte
977 3939 1160 4006 observavit
1170 3941 1329 4028 Koppius)
1342 3939 1522 4006 Alexandri
1534 3941 1648 4031 Magni
1662 3957 1766 4008 aetate
1780 3943 1968 4010 inferiorem

349 4081 441 4138 esse,
477 4079 572 4146 quum
610 4069 683 4143 post
715 4053 936 4120 Alexandrum
973 4067 1006 4118 et
1041 4052 1295 4120 Ptolemaeorum
1330 4055 1456 4120 demum
1484 4069 1627 4142 ternpore
1655 4055 1821 4143 Serapidis
1848 4055 1969 4124 cultum

350 4175 516 4240 inductum
542 4191 614 4235 esse
642 4181 783 4248 constet,
817 4168 850 4231 iu
883 4179 994 4232 nostro
1023 4163 1117 4232 titulo
1145 4181 1250 4232 eutem
1266 4182 1465 4254 -compareet
1499 4191 1531 4233 a.
1562 4191 1609 4254 pr.
1638 4149 1813 4255 Σοιρσστέωνι
1839 4191 1883 4236 ex
1911 4168 1968 4234 illo

349 4286 532 4352 formatum.
575 4280 746 4347 Praeterea
778 4300 820 4344 ex
849 4277 1028 4345 litterarum
1057 4278 1170 4366 figuris
1191 4277 1302 4366 colligi
1323 4292 1444 4365 potest,
1480 4282 1617 4368 optimae
1639 4279 1727 4346 illam
1750 4285 1863 4348 aetatis
1884 4303 1968 4362 esse,

350 4421 450 4486 quum
480 4373 639 4462 elementa
668 4393 710 4458 od
738 4413 837 4458 uuum
865 4393 975 4456 omnia
1002 4389 1114 4478 plenas
1135 4407 1168 4457 et
1190 4389 1350 4479 legitimas
1372 4391 1512 4458 habeant
1533 4394 1672 4474 formas,
1708 4393 1850 4482 uibilque
1870 4397 1905 4460 in
1927 4396 1969 4458 iis

349 4513 549 4599 reperietur,
571 4503 655 4597 quod
672 4506 859 4592 posterioris
875 4504 988 4568 ostatis
1002 4501 1230 4592 negligentiam
1245 4507 1419 4570 nimiumve
1435 4505 1682 4592 tacbygrepbiae
1698 4510 1837 4573 studium
1856 4509 1968 4592 sapiat.

349 4625 448 4690 Haud
478 4620 589 4710 procul
619 4622 717 4706 igitur
737 4639 758 4682 a
778 4637 855 4682 vero
876 4615 1033 4696 abfuerit,
1065 4619 1119 4702 qui
1140 4614 1249 4681 seculo
1271 4617 1339 4682 lere
1361 4638 1391 4683 a.
1415 4615 1490 4684 Chr.
1512 4621 1607 4684 tertio
1628 4617 1707 4683 illud
1729 4629 1967 4683 monumentum

349 4735 544 4823 insculptum
575 4755 647 4798 esse
676 4732 770 4798 dicat.
815 4727 910 4807 Quod
938 4747 1017 4792 vero
1048 4727 1266 4815 Lindbergius
1295 4731 1344 4816 (p.
1373 4733 1415 4796 ⁷9
1436 4733 1525 4818 sqq.)
1560 4751 1602 4794 ex
1635 4729 1810 4796 litterarum
1842 4727 1968 4815 figuris,

350 4871 486 4939 quarum
506 4845 639 4912 nauales
659 4865 715 4931 per
736 4845 868 4909 vicanos
890 4861 992 4906 anuos
1014 4861 1057 4904 ex
1079 4843 1185 4906 nuruis
1207 4840 1351 4908 Sidoniis
1372 4863 1507 4928 operose
1528 4843 1662 4930 digessit
1682 4845 1731 4906 vir
1753 4834 1969 4922 doctissimus,

350 4967 542 5028 aetatem'et
560 4959 629 5024 fere
650 4957 839 5022 decennium
860 4956 931 5020 eins
951 4955 1036 5036 (180
1057 4975 1087 5040 p.
1104 4951 1200 5038 Chr.)
1220 4955 1403 5020 accuratius
1424 4953 1551 5020 definiri
1571 4975 1666 5042 posse
1689 4956 1869 5019 existimat:
1891 4953 1970 5020 huic

350 5074 434 5142 nibil
454 5072 613 5152 tribuent,
643 5071 698 5158 qai
720 5068 949 5155 cogitaverint,
971 5079 1165 5154 quantopere
1187 5068 1291 5130 omnis
1318 5068 1430 5130 aetatis
1453 5067 1609 5152 scriptura
1630 5087 1687 5152 pro
1707 5069 1860 5132 varietate
1880 5065 1968 5132 loco·

349 5209 424 5255 rum
455 5201 488 5253 et
515 5185 723 5253 scribentium
745 5181 975 5246 consuetudine
999 5179 1203 5266 coeperatis
1219 5177 1390 5242 arbitraria
1410 5176 1540 5242 differre
1559 5177 1673 5245 soleat.
1717 5179 1769 5246 De
1785 5178 1969 5246 Phoeniciis

351 5303 440 5366 enirn
462 5295 778 5384 transsumptum
799 5289 914 5380 (Corp.
935 5294 1032 5360 inser.
1053 5313 1102 5380 gr.
1124 5289 1165 5360 Τ.
1179 5291 1206 5361 l.
1221 5311 1254 5378 p.
1269 5293 1309 5375 t)
1341 5291 1381 5356 de
1403 5292 1633 5377 antiquissimis
1653 5291 1757 5360 titulis
1778 5295 1904 5382 graecis
1923 5295 1971 5357 ita
