4906 6300
521 609 861 680 lNSCRlPTIONES
884 609 1178 680 MELITENSES.
1221 613 1279 680 lll.
1300 613 1575 682 MELl'l'ENSlS
1598 616 1777 685 TERTIA.
1890 625 1962 700 107
2103 618 2106 624 ’

464 799 616 868 Ceterum
638 799 744 866 leuius
766 813 833 880 eat,
861 802 945 886 quod
961 800 1108 888 Koppius
1130 799 1151 864 l.
1168 823 1195 867 o.
1217 825 1247 889 p.
1269 807 1331 868 259
1353 803 1519 884 observat,
1548 803 1643 870 huius
1665 807 1749 873 tituli
1772 807 1961 893 scripturam

333 921 369 982 iu
394 913 538 1002 pluribus
559 913 676 980 litteris
706 913 773 998 (a,
797 933 839 1001 p,
864 915 910 1001 tu)
940 917 1116 999 scripturae
1145 913 1319 980 chaldaeae
1350 915 1489 982 similem
1512 931 1544 981 et
1564 932 1730 1004 propterea
1751 923 1961 988 recentiorem

335 1049 421 1095 ease.
462 1027 607 1092 Litterae
635 1029 722 1092 enim
754 1046 775 1117 p
808 1040 841 1091 et
868 1045 895 1096 ut
924 1025 971 1092 nil
994 1026 1147 1090 differunt
1167 1049 1187 1090 a
1209 1026 1333 1114 vulgari
1356 1029 1554 1094 Phoenicum
1576 1035 1749 1118 scriptura,
1781 1033 1961 1100 reformata

334 1140 435 1208 habet
461 1138 676 1227 peculiarem,
713 1162 796 1227 quae
818 1163 891 1206 cum
912 1141 1069 1225 scriptura
1090 1145 1456 1228 cromaco-aegyptiaca
1486 1145 1652 1229 congruit,
1693 1166 1735 1210 ex
1757 1167 1819 1230 qua
1841 1149 1961 1212 sensim

317 1269 410 1319 orta
442 1264 491 1318 eut
526 1253 697 1341 quadratas
734 1252 791 1319 sed
827 1255 902 1342 quid
930 1253 1029 1320 iudei
1075 1275 1172 1341 quum
1209 1255 1307 1318 eriam
1336 1256 1494 1340 scriptura
1521 1261 1887 1346 aronnaco-aegyptiaca
1921 1259 1962 1323 ed

335 1363 597 1432 Ptolemaeorum
622 1379 761 1432 aetatem
782 1365 952 1454 pertineat.

1116 1499 1173 1567 111.

617 1693 621 1696 .
717 1633 1218 1702 MELITENSIS
1278 1635 1575 1706 TERTIA.

468 1799 497 1856 l.
540 1789 605 1856 Hic
626 1785 738 1856 titulos
760 1809 826 1854 uua
848 1810 921 1854 cum
942 1801 1095 1877 sequente
1117 1788 1191 1873 (uo.
1214 1789 1281 1874 tv)
1302 1793 1430 1856 circiter
1451 1812 1536 1856 anuo
1560 1798 1642 1859 teau
1670 1797 1704 1859 in
1728 1815 1838 1880 campo
1859 1817 1960 1882 prope

337 1907 425 1974 citra
442 1902 586 1970 Vecchia
597 1904 748 1966 inventur
764 1914 823 1966 est.
865 1901 984 1987 Lupia,
1005 1905 1058 1966 cai
1079 1904 1251 1988 inscriptus
1272 1915 1332 1982 eet,
1356 1902 1538 1969 emolliore
1559 1904 1617 1969 illo
1630 1919 1698 1968 eret
1711 1903 1826 1992 lapidis
1843 1929 1961 1994 genere

337 2019 416 2084 lanio
446 2013 571 2081 insulae
600 2015 729 2100 proprio
758 2027 790 2078 et
819 2027 968 2099 quattuor
997 2013 1065 2078 fere
1092 2016 1189 2100 pedes
1210 2014 1271 2080 sub
1291 2015 1460 2102 superficie
1482 2015 1660 2082 delituerat.
1703 2016 1962 2084 Deliueatiouem

339 2135 430 2209 eiua,
459 2149 638 2215 quanquam
667 2147 732 2192 uon
760 2128 1065 2207 collaudantem,
1096 2147 1117 2190 a
1146 2125 1302 2207 Franciae
1330 2131 1414 2214 apud
1436 2127 1625 2195 Melitenses
1646 2129 1796 2196 Proxeuo
1820 2131 1962 2197 Parisios

241 2221 249 2229 ⁸
338 2246 471 2309 misaam
500 2244 816 2308 iam1820mecum
847 2241 1095 2304 communicavit
1123 2238 1230 2326 Steph.
1260 2237 1471 2316 Quatremdre
1500 2241 1561 2327 (cl.
1581 2243 1680 2328 prael.
1704 2243 1744 2307 ad
1765 2243 1848 2308 Lex.
1868 2243 1961 2318 hebr.

338 2377 427 2422 man.
458 2377 489 2442 p.
517 2353 601 2438 26),
641 2355 932 2419 communicaverat
964 2353 1060 2416 etiam
1099 2373 1171 2416 cum
1201 2351 1410 2450 Hamaltero,¹
1446 2357 1500 2441 qui
1531 2375 1602 2419 earu
1632 2345 1732 2421 edidit
1759 2359 1793 2420 in
1822 2354 1960 2422 Miscell.

339 2469 523 2535 Phoeniciis
551 2465 616 2531 tab.
637 2471 667 2532 ³.
711 2463 835 2544 Aliam,
871 2485 951 2552 quae
980 2469 1080 2532 totius
1102 2464 1218 2552 lepidio
1240 2467 1414 2552 imaginem
1436 2480 1653 2552 repraesentet
1683 2482 1716 2534 et
1741 2471 1862 2534 maiore
1885 2489 1962 2534 cura

340 2569 489 2648 conlecta
508 2580 649 2658 videtur,
676 2580 761 2643 circa
781 2598 900 2642 anuum
925 2583 1006 2644 1828
1029 2576 1113 2644 Mire
1133 2578 1159 2642 F
1161 2575 1260 2642 orbes'
1278 2579 1312 2642 in
1334 2577 1449 2642 Moneo
1472 2577 1640 2645 Societatis
1654 2579 1818 2645 Asiaticae
1839 2581 1963 2645 Londi-

341 2696 452 2760 nensi'a
479 2693 643 2778 deposuit,
679 2691 790 2756 addita
820 2687 1034 2775 explicatione
1063 2689 1104 2754 ab
1133 2688 1206 2756 Alb.
1237 2690 1277 2754 de
1300 2688 1472 2766 ¹Marmara
1502 2704 1633 2756 tentata.
1683 2689 1827 2756 Tertiam
1856 2693 1896 2756 ad
1926 2713 1962 2755 ee

338 2810 470 2873 missam
500 2817 657 2870 memorat
683 2799 735 2880 Cl.
757 2799 996 2888 Michelaugelo
1024 2802 1127 2868 Lanci
1156 2804 1191 2866 iu
1220 2800 1304 2866 libro
1331 2802 1371 2866 de
1399 2799 1504 2888 lapide
1534 2801 1831 2891 carpentoractensi
1852 2825 1883 2889 p.
1906 2808 1959 2883 63,

342 2923 473 3006 eiusque
502 2919 665 3003 specimen
694 2937 766 2980 cum
795 2912 965 3000 alphabeto
998 2915 1075 2979 iude
1112 2916 1288 3000 composito
1325 2914 1413 2978 dedit
1441 2915 1475 2978 lu
1511 2913 1635 2994 tabula.
1671 2937 1753 3002 qnae
1782 2937 1801 2978 e
1827 2916 1961 3002 regione

339 3033 560 3117 inscriptionis
586 3031 692 3116 posita
720 3021 777 3092 esa
821 3023 938 3104 Quam·
956 3030 1040 3092 iuter
1069 3027 1149 3092 dues
1178 3029 1302 3112 priores
1331 3025 1562 3092 delineationea
1592 3027 1741 3094 uouuilril
1768 3028 1962 3094 discriminis

340 3145 534 3223 intercedat,
575 3141 739 3229 ipsiusque
760 3152 867 3206 autem
888 3137 1003 3225 lapidis
1025 3154 1174 3225 ectypum
1195 3140 1339 3204 cauciaci
1368 3135 1463 3204 uobis
1489 3161 1553 3204 nou
1577 3143 1764 3228 contigerit,
1796 3154 1961 3227 utramque

342 3257 489 3324 dedimus
511 3259 545 3321 in
568 3252 676 3319 tabula
699 3266 826 3331 nostre,
856 3252 1095 3317 Loudiueuaem
1117 3249 1180 3316 litt.
1203 3271 1239 3330 a,
1274 3250 1490 3316 Pariaieusem
1512 3249 1571 3318 litt.
1594 3252 1626 3318 b.
1858 3321 1863 3330 ,

293 3359 296 3362 ’
469 3377 500 3434 2.
543 3367 840 3453 Interpretatiouem
857 3363 951 3430 huius
966 3363 1050 3428 tituli
1064 3363 1185 3449 publici
1196 3365 1276 3428 iuris
1290 3363 1367 3442 fecit
1388 3385 1471 3429 unua
1485 3366 1516 3446 *)
1539 3365 1745 3432 Hamakerur
1764 3369 1798 3432 in
1822 3365 1960 3432 Miscell.

342 3483 524 3570 phoeniciio
546 3503 576 3567 p.
591 3485 632 3544 38
649 3499 718 3565 sqq.
740 3479 796 3542 sed
813 3499 925 3565 parum
947 3475 1035 3542 felici
1057 3497 1206 3542 successu
1227 3497 1305 3540 usus
1327 3488 1396 3556 est,
1419 3499 1490 3542 eam
1513 3481 1653 3544 maxime
1675 3479 1717 3544 ob
1735 3498 1862 3546 canaam
1878 3479 1961 3565 qaod

295 3619 296 3622 ¹
342 3598 378 3660 in
402 3589 563 3658 nonnullis
585 3591 701 3657 litteris
723 3588 913 3655 definiendis
935 3611 954 3654 a
977 3610 1054 3654 vero
1076 3587 1247 3653 aberravit.
1292 3585 1324 3651 ls
1345 3590 1431 3654 euim
1453 3591 1498 3654 ita
1521 3587 1614 3676 legit:

1128 3699 1205 3792 ttp'pl
1229 3713 1293 3792 ³2³,

967 3812 1101 3900 (rabel)
1131 3812 1209 3907 ala
1233 3811 1293 3905 lta

1142 3925 1184 4009 ab
1206 3923 1296 4020 fluia

1093 4055 1146 4105 -o
1170 4053 1232 4126 pau
1254 4039 1294 4105 br

1066 4170 1129 4216 ,ιι
1159 4169 1234 4221 ιιι
1258 4165 1292 4240 un

1141 4279 1228 4354 penu
1251 4263 1294 4333 bu

802 4373 915 4439 Potuit
936 4372 1064 4455 Nolela‚

792 4486 953 4551 'domiuus
975 4485 1173 4554 Eleleusium
1194 4486 1268 4573 (vel
1285 4485 1543 4572 Allouensium),

805 4599 955 4685 expiandi
979 4621 1075 4665 ceusu
1096 4599 1159 4665 Ba·

803 4711 847 4780 all
870 4709 1050 4778 columnam
1072 4710 1153 4798 lapi·
1256 4717 1261 4732 ‘

804 4826 915 4905 deam,
946 4826 1095 4910 quoniam
1119 4827 1215 4890 iucir·
1259 4818 1263 4826 ’

805 4941 964 5018 cumcieuu
986 4950 1054 5001 erat
1074 4953 1232 5003 sermone.

398 5143 424 5212 ¹¹)
458 5145 563 5202 Alberti
594 5149 628 5202 da
656 5147 793 5204 Marmara
818 5143 1065 5212 interpretationem
1090 5143 1119 5196 in
1188 5159 1240 5212 que
1259 5158 1313 5196 uon
1331 5141 1414 5214 magis
1435 5157 1513 5209 qurum
1531 5139 1754 5196 Hamekeriaaaru
1776 5145 1885 5200 laudare
1899 5161 1961 5214 por·

340 5241 576 5299 Museorloiatico
589 5243 853 5311 Loudinendipalom
864 5239 1026 5310 expositam,
1042 5257 1121 5310 quara
1189 5257 1261 5307 aem,
1288 5237 1375 5292 sciens
1393 5245 1545 5307 praetereo.

208 5397 216 5410 ,
342 5337 406 5392 sine
423 5340 541 5396 auctoris
556 5341 636 5397 venia
652 5343 734 5397 edera
748 5339 814 5394 milri
827 5337 877 5393 vix
887 5337 1016 5404 licuisset,
1029 5355 1121 5407 quanm
1176 5379 1179 5384 .

1500 5437 1583 5503 14*
