4992 6292
503 618 554 692 72
604 612 739 684 umen
761 611 936 684 sattius,
979 610 1352 684 atnfflouearffle
1375 611 1630 682 annualem.
1675 612 1823 682 estut·
1844 611 2068 694 Quintum.

507 824 611 890 anper
633 804 750 868 noeroit
778 802 815 870 C.
846 802 943 870 aret.
964 802 1125 887 Lepsios,
1156 801 1198 866 dc
1220 800 1344 868 tabulis
1363 799 1554 888 Esgslt'st's
1579 798 1747 885 (berolini
1770 807 1864 870 1833.
1902 805 1942 889 8)
1960 809 2010 888 *),
2043 807 2135 872 cuius

509 914 714 1003 alpbabeorsr
743 919 794 1002 (p.
818 921 861 982 43
883 937 953 1001 sqq.
984 937 1012 1000 p
1035 916 1097 997 73)
1111 923 1114 930 '
1129 935 1190 978 uos
1217 917 1316 980 etiam
1340 916 1445 980 secmi
1470 935 1580 980 urruns
1605 915 1640 980 iu
1667 911 1795 980 tabulae
1822 929 1951 982 nostrae
1975 918 2136 984 mssa

449 1099 456 1115 Ι
513 1027 663 1098 colenus
683 1030 787 1094 tertie
830 1024 892 1092 Col
912 1025 1103 1094 illustrando
1125 1025 1207 1092 bace
1227 1024 1403 1095 sufficiant:

638 1192 666 1234 a
709 1169 853 1234 Litterae
874 1169 1010 1232 caninae
1032 1167 1128 1232 binae
1143 1167 1286 1232 Etruscis
1305 1179 1380 1232 snut
1399 1165 1540 1253 figurae,
1559 1178 1714 1253 utraeque
1728 1187 1770 1232 ex
1783 1167 1960 1234 Phoenicia
1978 1173 2137 1256 scriptura

511 1281 689 1368 proiectae,
724 1301 859 1366 quarm
887 1283 991 1366 prima
1017 1277 1046 1343 R
1077 1279 1211 1366 volgare
1237 1280 1412 1366 designans
1440 1280 1552 1344 eadem
1588 1277 1649 1343 bac
1681 1278 1788 1346 littera
1822 1285 1856 1346 in
1888 1281 2008 1348 tabulis
2037 1281 2137 1347 latine

510 1396 636 1479 scriptis
659 1413 813 1479 expressa
835 1406 903 1470 est,
935 1389 1037 1456 altera
1063 1405 1173 1457 contra
1200 1395 1233 1460 in
1259 1393 1374 1456 iisdem
1397 1391 1521 1459 duabus
1543 1389 1660 1456 litteris
1683 1391 1736 1458 RS
1761 1395 1922 1476 redditur,
1954 1417 2018 1460 non
2044 1397 2137 1482 qussi

510 1507 590 1571 door
611 1504 671 1570 bos
695 1527 794 1570 sonos
815 1507 1003 1571 coniunctos
1027 1504 1178 1570 babuerit
1196 1502 1255 1568 illa
1273 1503 1391 1584 littera,
1413 1505 1471 1569 aeti
1488 1501 1615 1568 littam
1633 1507 1768 1570 caninae
1787 1508 1916 1572 additus
1938 1521 1988 1572 cst
2008 1505 2136 1586 sibilus,

509 1620 593 1707 quod
614 1639 713 1684 sonus
736 1621 806 1683 eins
829 1615 958 1683 blaesus
980 1617 1021 1681 ad
1040 1615 1171 1682 sibilum
1194 1639 1293 1705 prope
1311 1616 1485 1683 accedebat
1507 1617 1618 1702 (Leps.
1632 1637 1663 1704 p.
1679 1621 1722 1684 47
1737 1625 1833 1705 susp),
1852 1620 1886 1684 ld
1902 1621 1984 1706 quod
2006 1621 2137 1708 egregio

509 1728 689 1796 {bassetus
707 1729 858 1817 analogia
881 1727 1007 1794 litterae
1031 1727 1201 1817 polonicae
1225 1751 1275 1796 rs.

638 1894 667 1960 b.
711 1891 882 1959 Sibilantia
898 1895 931 1958 in
948 1890 1142 1958 Umbrorum
1157 1898 1316 1981 scriptura
1332 1897 1393 1958 tria
1412 1907 1502 1960 sunt:
1549 1877 1604 2002 ζ
1641 1891 1727 1980 qnod
1741 1893 1775 1958 in
1792 1887 1925 1956 Graecis
1943 1905 1976 1956 et
1992 1890 2137 1958 Etruscis

511 2073 532 2114 c
554 2047 685 2138 vulgare
709 2069 782 2114 ease
810 2048 968 2125 vidimus,
1002 2047 1059 2142 sed
1081 2045 1289 2132 probabiliter
1310 2067 1353 2116 ex
1376 2045 1458 2116 zen
1482 2063 1607 2126 ortamt
1638 2021 1697 2194 ss
1729 2045 2136 2134 pernumeratum

510 2223 527 2266 s
547 2221 619 2267 esse
638 2201 777 2266 ostendit
797 2200 935 2286 Lepsios
950 2197 973 2268 l.
988 2221 1017 2264 c.
1038 2221 1069 2288 p.
1083 2203 1237 2276 39-65;
1270 2215 1304 2265 et
1325 2207 1348 2273 d
1370 2203 1455 2289 quod
1481 2205 1515 2268 in
1538 2201 1657 2269 tabulis
1679 2201 1778 2268 latina
1798 2199 1925 2286 scriptis
1953 2197 2015 2264 bac
2031 2196 2137 2285 ligura

509 2353 543 2420 *S
570 2357 769 2444 exprimitur.
810 2353 862 2432 De
889 2351 1013 2418 (luobus
1034 2353 1267 2440 posterioribus
1289 2369 1397 2422 autern
1421 2359 1467 2424 ita
1495 2359 1605 2429 statuit
1632 2357 1788 2448 Lepsios,
1826 2369 1862 2419 ut
1897 2295 2027 2468 ssex
2048 2349 2136 2416 zade

510 2515 708 2584 Pboeuicurn
730 2534 762 2584 et
782 2535 898 2606 graeco
923 2504 972 2608 1
994 2515 1081 2582 Zeto
1103 2530 1210 2582 artum
1234 2518 1416 2600 exbtimet,
1450 2521 1482 2616 d
1523 2541 1596 2586 com
1621 2519 1758 2589 &mecla
1778 2521 1911 2615 eiusque
1930 2515 2035 2603 ligura
2060 2536 2137 2601 qu*

513 2631 605 2698 treta
628 2649 649 2700 e
670 2643 835 2720 comparet
856 2631 899 2716 (p.
917 2635 958 2696 58
973 2630 1073 2716 sqq.)r
1096 2629 1180 2716 quoti
1201 2630 1329 2714 quidem
1351 2645 1520 2720 utrumque
1541 2632 1622 2698 mibi
1643 2655 1706 2700 non
1726 2633 1895 2719 persuasit.
1937 2628 2137 2716 Acpriurutu

524 2753 581 2920 ss
612 2809 633 2852 a
658 2785 831 2876 pboenicin
861 2781 949 2848 Zade
979 2783 1158 2870 proiectum
1187 2805 1259 2849 esse
1288 2786 1367 2850 satis
1394 2785 1549 2851 credibile
1577 2787 1679 2851 videri
1707 2787 1824 2871 possit,
1853 2785 1884 2847 si
1910 2781 2006 2847 modo
2034 2777 2137 2845 ullum

395 2963 407 2972 ·
511 2946 607 3032 idque
637 2954 758 3006 certum
795 2937 891 3004 buius
927 2935 1053 3002 litterae
1089 2939 1260 3024 vesogmm
1294 2941 1328 3002 iu
1365 2951 1510 3006 veterum
1547 2937 1744 3007 Graecorum
1780 2935 1962 3004 litteratura
1997 2937 2137 3000 inveniri

514 3057 615 3144 possit
646 3053 696 3140 (ἱ.
722 3057 785 3130 46,
816 3051 874 3136 3);
912 3047 974 3114 boc
1002 3070 1078 3117 vero
1108 3051 1212 3136 posito
1248 3048 1354 3138 figura
1380 3055 1517 3139 repetita
1536 3073 1619 3122 esse
1649 3071 1713 3118 nun
1742 3063 1846 3138 potest
1874 3072 1894 3114 a
1922 3048 2020 3130 Zeta,
2051 3047 2136 3138 quod

513 3167 643 3236 aZade
666 3163 759 3250 plane
782 3163 944 3236 diversum
965 3183 1037 3228 esse
1061 3164 1207 3230 vidimus·
1251 3161 1355 3232 Multo
1377 3151 1484 3233 auem
1506 3166 1613 3232 minus
1633 3171 1657 3241 d
1674 3165 1753 3236 ade
1776 3165 2001 3232 Hebraeorum
2022 3160 2135 3228 referri

515 3293 636 3368 potest,
674 3276 758 3363 quod
789 3291 854 3342 tam
882 3277 1021 3342 recentis
1051 3257 1180 3338 aetatis*
1195 3289 1227 3342 et
1256 3276 1381 3346 duobus
1411 3277 1554 3344 tribusve
1583 3279 1711 3346 demum
1742 3291 1816 3366 post
1843 3277 1920 3343 Gbr.
1946 3271 2065 3343 seculis
2095 3292 2136 3336 ex

515 3391 705 3474 Palmyrena
718 3392 877 3476 scriptura
890 3401 995 3452 ortum
1009 3401 1058 3451 est
1074 3390 1115 3470 ις.
1130 3393 1180 3466 53,
1190 3390 1236 3474 4),
1252 3403 1287 3454 ut
1299 3388 1423 3456 litterae
1438 3391 1593 3458 Etruscae
1607 3406 1709 3458 mater
1724 3413 1796 3458 esse
1810 3389 1900 3458 nullo
1914 3388 2009 3454 modo
2025 3385 2135 3472 possit.

515 3503 605 3572 Malo
635 3505 752 3590 igitur,
789 3522 886 3596 quum
923 3497 1088 3572 meliorem
1125 3515 1307 3590 certamque
1339 3506 1530 3572 ammutium
1565 3505 1672 3572 dicere
1707 3525 1771 3570 unu
1805 3505 1944 3592 possim,
1983 3521 2067 3566 nuuc
2097 3497 2137 3560 tle

515 3618 628 3684 barum
642 3613 819 3682 litterarum
833 3615 960 3700 origine
974 3614 1189 3700 ignorantiam
1202 3614 1310 3696 fateri,
1330 3638 1424 3703 quam
1438 3617 1479 3682 ad
1493 3622 1693 3686 coniecturas
1706 3615 1814 3684 delabi
1829 3617 1924 3684 nimis
1940 3615 2136 3682 tenmrurias.

642 3779 670 3824 c.
714 3753 805 3832 Quae
823 3775 881 3840 pro
904 3751 934 3818 0
958 3755 1062 3839 posita
1083 3769 1133 3818 est
1154 3752 1189 3818 V
1208 3754 1332 3836 littera,
1354 3760 1484 3843 proprie
1511 3757 1545 3822 U
1562 3771 1627 3836 est,
1651 3777 1712 3843 quo
1735 3777 1795 3843 pro
1819 3777 1838 3820 o
1861 3771 1991 3822 utuntur
2009 3752 2134 3820 Umbri.

641 3894 793 3962 Ceterum
815 3897 972 3980 scriptura
993 3893 1164 3974 Umbrica,
1186 3899 1304 3981 pariter
1325 3910 1421 3982 atque
1442 3897 1597 3974 Ebosea,
1627 3917 1648 3960 a
1676 3896 1791 3962 dextra
1819 3895 1862 3964 etl
1888 3893 2014 3964 laesam
2037 3899 2136 3962 currit

516 4009 677 4096 verbaque
699 4006 798 4072 babet
819 4007 943 4072 duobus
966 4011 1092 4095 punctis
1115 4011 1276 4074 distincto.

643 4155 674 4214 3.
717 4147 857 4212 Litteras
884 4147 982 4213 Orcus
1004 4162 1098 4236 atque
1124 4147 1325 4212 Snsrnt'ts'cas
1345 4150 1378 4210 in
1402 4145 1502 4212 titulis
1524 4145 1683 4213 Abellano
1705 4161 1737 4211 et
1759 4147 1966 4236 Pompejanis
1989 4163 2082 4234 atque
2102 4149 2136 4213 iu

515 4264 621 4330 numia
635 4258 759 4338 obvias,
777 4273 883 4345 utpute
900 4283 963 4328 uon
980 4259 1115 4328 multum
1129 4261 1359 4348 discrepantes,
1377 4279 1440 4324 una
1455 4258 1604 4326 columna
1618 4260 1694 4344 (tab.
1712 4268 1731 4326 2
1746 4261 1849 4346 col.4)
1868 4263 2137 4352 comprehendere

515 4379 620 4442 visum
642 4387 709 4453 est,
731 4373 772 4440 ad
794 4394 886 4459 quarn
909 4376 965 4459 qui
985 4371 1152 4438 uberiores
1175 4374 1420 4438 commentarios
1439 4375 1566 4458 cupiat,
1590 4375 1685 4440 adeat
1706 4377 1846 4441 Posteri
1866 4377 1954 4442 Ps'ct.
1979 4375 2137 4443 Etruscos

515 4487 555 4554 T.
579 4485 619 4552 ll.
642 4509 672 4574 p.
694 4484 757 4565 LI,
782 4485 909 4551 Ecllel
929 4483 976 4550 D.
1001 4483 1047 4549 Ν.
1069 4481 1093 4547 l.
1116 4507 1146 4568 p.
1170 4489 1231 4548 119
1251 4506 1320 4570 sqq.
1343 4485 1382 4550 ci.
1405 4483 1524 4550 Mirller
1545 4486 1702 4552 Etruslrer
1726 4487 1857 4552 Einleit.
1879 4487 1911 4572 1,
1934 4495 1955 4556 7
1976 4505 2009 4556 ot
2028 4487 2070 4556 Τ.
2094 4487 2136 4556 11.

515 4626 546 4690 p.
570 4607 650 4679 313,
674 4621 807 4688 quornm
830 4599 1053 4664 auctoritatem
1075 4617 1134 4660 nns
1156 4618 1281 4682 quoque
1302 4599 1336 4661 in
1357 4595 1415 4662 illa
1435 4595 1544 4664 tabula
1566 4603 1667 4665 secuti
1691 4623 1824 4680 sumus,
1854 4603 1963 4668 addito
1993 4605 2136 4688 (auctore

518 4719 636 4805 lrepsio
658 4717 680 4782 l.
703 4740 730 4783 o.
754 4741 785 4806 p.
809 4723 864 4799 34)
888 4737 951 4779 uuo
977 4705 1038 4832 λ
1065 4715 1086 4778 i.
1107 4735 1137 4778 e.
1161 4713 1192 4778 D
1217 4711 1393 4795 Oscorum,
1424 4717 1464 4782 de
1493 4741 1556 4805 quo
1584 4723 1630 4784 ita
1658 4740 1794 4798 censeo,
1825 4718 1929 4786 Oscos
1955 4716 2053 4786 Delta
2079 4716 2135 4782 illo

515 4840 610 4904 modo
632 4841 797 4926 pinxisse,
820 4835 1124 4920 ut‘distingueretur
1146 4857 1166 4898 a
1186 4833 1294 4900 littera
1319 4839 1452 4918 canina,
1475 4839 1569 4924 idque
1589 4859 1628 4901 ea
1651 4851 1755 4920 aetate
1777 4841 1941 4904 inventum
1963 4857 2054 4916 esse,
2073 4857 2136 4922 qua

515 4957 642 5024 litterae
673 4959 809 5022 caninae
838 4954 918 5022 baec
944 4953 1048 5020 forma
1072 4927 1196 5068 Jxvel
1212 4957 1352 5024 noudum
1367 4960 1499 5022 inventa
1512 4967 1582 5020 erat
1594 4953 1646 5020 vel
1659 4969 1744 5022 certe
1758 4956 1848 5022 Italis
1862 4979 1926 5024 nco
1943 4959 2135 5023 innotuerat.

566 5265 601 5336 *)
633 5265 677 5322 Gi.
703 5269 736 5321 G.
768 5271 798 5320 F.
824 5262 982 5328 Grntssrnds's'
1014 5268 1155 5318 mulmento
1189 5269 1291 5330 liuguae
1360 5267 1419 5316 iiber
1438 5263 1480 5314 rlie
1497 5265 1693 5330 Bugellaiscltrrr
1717 5261 1819 5330 Tosebr,
1837 5265 1998 5320 Rbeisisrbes
2014 5269 2134 5320 Musteus

519 5367 665 5432 Umbritae,
698 5363 880 5420 Heuuorerae
909 5362 986 5417 1335.
1021 5363 1050 5414 Ρ.
1077 5367 1101 5414 t.
1126 5361 1153 5414 t.
1198 5365 1289 5414 usses
1354 5357 1402 5424 fier
1420 5359 1556 5426 Plulolcgr'e
1574 5361 1607 5413 Τ.
1626 5362 1661 5415 11.
1681 5361 1738 5416 rosc
1764 5365 1790 5416 2.
